2958 4734
508 319 550 374 De
568 319 693 376 Callistus
712 319 815 377 fabula.
1175 325 1238 384 285

88 483 171 562 αἰτίην
236 485 390 560 ἄναγαγων
407 493 458 562 τῆς
472 479 561 564 Ἥρας
583 510 664 547 κατε·
682 484 722 556 ὥς
740 491 770 548 δὲ
787 485 872 556 ἔνιοι,
896 486 990 547 Ἀπόλ·
1011 487 1145 568 οὐρανοῦ.
1191 501 1240 552 καί

88 571 201 647 πρώτην
225 573 389 646 κατηστέρι·
408 571 542 642 τόξεοσεν
569 569 664 644 αὐτήν.
682 579 767 640 lova)
787 620 792 631 .
810 568 991 648 βουλόμενος
1009 573 1068 635 ἔστι
1138 585 1239 637 Καλλι-

88 653 172 730 στν.ἦ
185 658 300 732 ἱστορία
309 655 389 731 παρὰ
407 665 456 718 καί
481 656 497 718 ὃ
516 656 587 726 Ζεὺς
605 654 664 731 Ἑρ·
682 650 813 732 δὲἭραν
833 665 934 717 λαθεῖν
952 660 991 726 εἰς
1009 658 1067 720 σιὼ
1078 669 1096 730 ¹)
1114 669 1173 720 τῶν
1191 660 1240 734 α’ρ-

90 741 264 819 ίίαλλιμοέχηι.
408 750 464 818 μῆν
485 746 589 814 πέμπει
611 747 664 801 ool·
682 740 792 818 ἄρκτον
803 743 990 818 μετεμόρφω·
1007 744 1110 823 κτῴοιν
1159 742 1241 807 οἰστέ-

97 863 223 929 [Eustath
250 879 268 932 p
300 865 365 916 ΓΜ
410 851 457 888 σαι
470 827 523 887 τὸν
536 825 625 887 παῖδά·
638 826 665 885 cl
684 848 734 886 σιν
751 822 845 900 αὐτήν.
868 820 943 901 Ἥρα
961 830 991 887 δὲ
1010 853 1069 906 ρων
1087 872 1094 886 .
1113 825 1172 892 alab
1212 833 1241 890 δὲ

225 904 232 919 ’
271 905 277 918 ’
367 901 373 927 ’
410 907 582 989 τιροστοίξας,
593 908 666 970 bosv
684 909 797 971 ἔπεισεν
806 911 933 986 Ἄρτεμιν
951 909 991 981 ὡς
1009 913 1111 989 ταύτης
1174 927 1242 983 παῖς

411 992 664 1072 τῇγαστρίεῖχενὴ
684 997 787 1072 ἄγριον
795 1001 990 1073 θηρίονκατα-
1009 997 1119 1073 Ἀρκάς,
1170 991 1242 1058 ὅθεν

411 1079 575 1141 Καλλιστώ·
593 1087 665 1140 Kal·
684 1087 823 1150 τοξεῦσαι.
838 1115 868 1124 -
884 1079 990 1142 dacto·
1010 1081 1145 1155 Ἀρκάδες.
1207 1076 1242 1143 οὗ

86 1132 189 1235 καὶθνῆς
208 1131 392 1237 251'QH00‘G
409 1164 495 1225 ηωῑὼ
523 1169 553 1226 δὲ
579 1161 667 1239 αὐτὴν
684 1170 769 1240 μένης
778 1169 808 1226 δὲ
815 1173 992 1234 Καλλιστοῦς
1009 1172 1164 1242 τεχθέντος
1180 1173 1241 1240 Ἑρ-

87 1223 126 1276 lui
146 1223 280 1322 '⁰⁹4⁰‘
297 1237 391 1320 ⁶9⁰²„w
410 1251 545 1324 ἐποίησεν
586 1246 667 1310 cical-
685 1248 755 1318 Ζεὺς
767 1248 801 1310 τὸ
814 1253 926 1326 βρέφος
943 1248 991 1325 &tt
1009 1260 1049 1326 μί
1072 1259 1122 1325 τῆς
1151 1274 1241 1327 wll·

86 1320 254 1408 llfwnfflf‘v
266 1337 267 1340 ’
280 1301 320 1367 εἰς
343 1321 391 1374 αρ’
411 1358 472 1409 ρας,
489 1336 667 1409 καλουμένην
685 1335 781 1404 πάσας
807 1337 838 1396 ἐν
864 1331 992 1415 Ἀρκαδίᾳ
1012 1343 1075 1412 ρίας
1093 1338 1217 1412 ἐμέλησε·

86 1408 152 1444 κτον
181 1394 310 1461 λεγονσι,
344 1387 392 1441 καί

192 1478 204 1488 ,
344 1465 352 1487 1
384 1418 667 1494 ,Ἂρκτονμεγιξληκ
686 1426 799 1480 δίδωσιν
820 1417 993 1496 α’νατρὲφειν

87 1479 251 1545 τοξεοθηναι
269 1471 323 1540 μὲν
339 1490 378 1528 αττ
687 1510 778 1586 Μαίᾳ,
796 1506 992 1580 nomme&-

86 1550 249 1661 nectardo}
267 1551 392 1657 {Wlffl‘
686 1612 739 1658 σας
768 1590 904 1665 Ἀρκάδα
941 1588 993 1663 τὴν

88 1662 135 1744 fat·
152 1643 181 1700 δὲ
200 1662 244 1742 ξίς
268 1659 392 1738 ‘imae
685 1677 715 1733 cl
734 1676 884 1734 Καλλιστὼ
906 1697 993 1734 κατα·

88 1747 140 1784 ιντο
160 1747 212 1785 τον
231 1729 318 1791 Δίος-ί
686 1763 822 1835 στερίσας
856 1759 993 1818 ἐκάλεσεν

683 1841 810 1919 Ἄρκτον.

168 1930 260 2010 Quae
289 1945 474 2012 quanquam
502 1947 565 1993 una
592 1927 809 2014 discrepantia
841 1930 1011 1997 manifesta
1039 1928 1239 2011 distinentur,

89 2035 193 2097 tamen
229 2030 271 2096 ab
307 2027 420 2094 eodem
451 2029 539 2097 fonte
569 2029 722 2099 deductos
754 2030 995 2116 deprehendere
1023 2029 1102 2096 mihi
1130 2030 1242 2098 videor

89 2131 205 2198 rivulos
241 2150 279 2196 eo
314 2130 396 2197 inter
426 2150 462 2198 se
491 2129 653 2217 dispares,
690 2137 725 2198 ut
753 2131 786 2197 hi
814 2131 962 2218 propios,
989 2132 1116 2214 longius
1144 2132 1194 2199 illi
1221 2153 1243 2198 a

89 2232 245 2298 communi
279 2231 365 2299 fonte
404 2231 520 2298 absint.
572 2235 619 2301 Re
653 2235 737 2301 enim
770 2240 802 2301 et
830 2233 909 2318 ipsis
937 2235 1046 2302 verbis
1082 2234 1242 2302 nonnullis

88 2350 149 2398 non
172 2333 277 2398 solum
299 2333 393 2399 binae
417 2334 560 2400 eiusdem
582 2335 709 2417 generis
731 2336 929 2406 narrationes
950 2335 1034 2401 inter
1055 2355 1091 2401 se
1109 2355 1241 2419 congru-

87 2441 150 2517 unt,
173 2451 285 2497 verum
303 2433 399 2499 etiam
415 2434 609 2501 consentitur
624 2441 751 2518 praeter
765 2454 864 2500 unum
878 2433 959 2500 illud
976 2434 1145 2502 discrimen
1160 2435 1242 2501 inter

88 2551 198 2600 omnes
221 2533 441 2615 aequabiliter.
475 2533 617 2602 Afferam
633 2555 717 2617 quae
733 2535 793 2601 sub
816 2536 925 2602 oculos
941 2534 1060 2602 cadunt
1075 2534 1138 2604 duo
1160 2537 1242 2604 haec

88 2635 249 2720 exempla:

88 2735 103 2899 ἱ
133 2738 157 2803 Ι.
175 2730 221 2812 ὥς
242 2740 366 2822 θηρίον
384 2727 558 2823 Ἀρτέμιδι
580 2735 766 2823 προσέταξε
788 2735 954 2815 τοξεῦσαι.

104 2837 158 2904 ΠΙ.
177 2835 310 2904 ἕιτεισεν
326 2831 486 2922 ’Ἀρτεμιν
509 2833 555 2915 ὥς
578 2832 693 2925 ἄγριον
716 2843 839 2926 θηρίον
862 2838 1114 2917 κατατοξεῦσαι.

88 2935 102 3101 ς
118 2938 158 3006 ΙΙ.
173 2933 261 3004 καὶὸ
279 2936 364 3016 Ζεὺς
382 2934 498 3027 Ἑρμῆν
513 2944 644 3023 πέμπει
667 2942 776 3008 στῦσαι
790 2939 849 3007 τὸν
864 2938 973 3006 παῖδά
990 2941 1022 3006 οἱ
1038 2938 1241 3022 προστάξας.

105 3041 154 3108 IV.
173 3035 272 3127 Ἑρμῇ
294 3043 354 3128 τῆς
377 3045 543 3126 σωτηρίας
566 3040 714 3128 ἐμέλησε.

170 3145 240 3210 lam
255 3140 478 3225 inquirendum
500 3150 559 3225 est,
583 3145 685 3226 quiet
708 3141 813 3225 qualis
826 3143 897 3209 fons
912 3141 969 3206 ille
984 3138 1078 3207 fuerit
1093 3141 1241 3210 omnibus

12 3237 13 3242 ’
91 3243 270 3311 communis.
318 3243 421 3323 Quam
450 3243 556 3326 priore
576 3243 647 3311 loco
669 3244 834 3327 posuimus
858 3240 1003 3324 quaestio
1026 3241 1240 3327 absolvitur,

92 3361 169 3423 quae
185 3345 308 3412 scholio
324 3345 417 3412 Hom.
434 3345 614 3430 subscripta
628 3352 713 3412 sunt:
736 3339 754 3430 ἡ
773 3343 941 3429 ἱστορία
956 3341 1068 3425 παρὰ
1084 3350 1117 3409 K
1124 3345 1241 3411 αλλι-

91 3444 211 3533 μάχῳ.
244 3446 311 3514 Sed
333 3446 427 3530 cnim,
450 3467 521 3514 cum
537 3446 725 3514 Schwartzii
747 3446 876 3531 egregia
897 3443 1004 3513 studia
1019 3445 1067 3527 (in
1081 3446 1240 3515 Fleckeis.

93 3547 200 3616 Annal.
217 3548 320 3634 suppl.
335 3548 400 3615 XII
421 3570 451 3633 p.
471 3548 583 3633 lsqq.)
605 3547 717 3613 talium
746 3547 1014 3632 subscriptionum
1035 3544 1133 3614 fidem
1154 3546 1238 3614 infir-

92 3650 255 3735 maverint‚
279 3670 359 3734 opus
382 3658 430 3718 est
452 3651 731 3735 circumspectare,
760 3649 788 3715 si
810 3649 887 3731 quid
909 3648 1122 3734 reperiamus,
1154 3648 1240 3732 quod

94 3750 270 3820 testimonio
299 3750 492 3820 scholiastae
524 3750 686 3834 praesidio
716 3749 772 3833 sit;
807 3769 936 3835 prorsus
970 3751 1054 3818 enim
1082 3749 1178 3816 inane
1206 3748 1240 3815 id

95 3843 209 3922 habere
224 3873 289 3921 non
311 3853 401 3937 licet;
424 3854 483 3919 sed
504 3851 538 3918 id
553 3858 658 3937 potest
680 3851 767 3936 fingi,
789 3850 880 3918 initio
896 3857 1063 3934 utramque
1084 3849 1239 3916 narratio-

95 3985 292 4000 *Q—

178 4060 201 4116 1)
220 4056 358 4126 καλλίστη
376 4053 445 4122 col,
463 4053 498 4109 of.
516 4052 638 4108 Hercher
653 4051 720 4109 ibid.

107 965 192 1005 exscr.
202 947 307 1003 Endoc.
319 949 368 1000 533

119 1044 267 1107 Καλλιστὼ
275 1044 326 1148 την
335 1054 390 1105 Aa·
