2958 4734
233 233 294 294 240
673 231 838 286 Reinholdus
858 231 946 286 Franz

353 405 434 471 (loll.
458 405 522 471 l'ab.
545 404 683 470 Vindob.
892 403 982 470 Serv.
1005 401 1047 467 ad
1070 402 1186 483 Georg.
1203 403 1333 467 111391

261 519 799 602 ‘DansiveDidimonchlclrer
822 517 939 589 ‘Mutat
950 522 1108 588 fabulam:
1125 542 1200 587 nam
1212 541 1277 588 non
1293 523 1406 602 Pan,

233 628 298 709 lcpz'
317 625 416 688 iubet:
442 628 511 691 Pan
533 626 602 692 sive
629 625 798 708 Didymos]
825 622 1336 709 sedllndymionfflyndimion
1355 625 1406 702 Vl

233 748 400 795 amasse
441 727 594 793 dieitur
637 728 797 793 Lunam.
825 744 983 792 amasse
1033 724 1187 790 dicitur
1229 726 1404 792 Lunam.

233 830 308 909 oni
331 835 493 914 spretus
514 828 628 912 pavit
649 847 799 910 pecora
825 827 898 908 Qui
920 826 1216 911 spretuspavit
1238 847 1406 911 peoora

233 930 545 1010 candidissima,
825 928 1126 994 candidissima
1147 933 1180 994 et
1201 929 1342 996 siceum
1369 931 1404 995 in

824 1051 899 1098 suos
911 1031 1024 1097 inlexit
1039 1031 1222 1114 amplexus:
1242 1030 1338 1096 cuius
1353 1033 1404 1097 rei

825 1133 952 1218 mystici
973 1133 1085 1199 volunt
1109 1133 1270 1214 quandem
1287 1153 1401 1200 seere—
1446 1165 1447 1222 j

824 1243 890 1301 tam
905 1255 975 1302 esse
988 1226 1160 1302 rationem?
1184 1240 1403 1308 (INTERPOL.:
1446 1289 1447 1304 .

822 1331 962 1402 ‘Fabula
976 1337 1022 1402 sio
1038 1343 1099 1403 est:
1111 1338 1179 1403 Pan
1194 1357 1266 1403 oum
1279 1337 1403 1404 Lunae
1446 1415 1447 1422 ἵ

234 1449 266 1508 et
296 1447 337 1507 ut
366 1442 475 1505 Lunae
511 1440 712 1507 formosus
740 1439 796 1503 vi·
826 1459 933 1504 amore
948 1437 1107 1523 flagraret,
1131 1444 1170 1505 ut
1185 1438 1232 1504 illi
1247 1439 1402 1506 formo·
1446 1445 1447 1534 p

234 1542 414 1622 deretur,
458 1541 592 1622 niveis
630 1540 797 1607 velleri·
826 1539 1401 1623 susvideretur,niveisvel-

235 1641 983 1726 bussecircumdeditatqueloribus
1027 1661 1073 1708 se
1118 1640 1402 1708 circumdedit
1446 1669 1447 1728 y

234 1766 320 1811 earn
342 1745 400 1810 ita
422 1745 470 1811 ad
494 1765 576 1812 rem
595 1745 800 1811 veneriam
827 1750 948 1826 atque
970 1743 1026 1810 ita
1048 1763 1129 1810 eam
1152 1743 1201 1808 ad
1223 1763 1301 1808 rem
1324 1765 1397 1810 ve·

234 1838 403 1913 alleuit.²
712 1899 714 1902 .
828 1837 1180 1912 nereamillexit.’
1207 1843 1331 1929 —-).

323 1949 492 2016 Subtraoto
515 1955 621 2015 autem
644 1949 712 2034 isto
735 1948 928 2014 adminiculo
952 1946 1113 2014 Welckeri
1141 1948 1298 2014 sententia
1329 1969 1396 2032 quo

235 2050 383 2116 fulciatur
405 2071 467 2116 non
490 2051 597 2116 habet.
635 2050 724 2116 Licet
744 2048 842 2132 igitur
859 2069 930 2115 earn
953 2047 1087 2132 mittere,
1109 2049 1296 2134 praesertim
1320 2071 1395 2115 cum

103 2155 119 2177 ”
237 2152 303 2216 alia
325 2171 360 2216 se
382 2151 498 2217 offerat
520 2152 618 2218 multo
640 2149 814 2234 simplicior
836 2171 972 2217 acuero
994 2151 1133 2236 propior.
1174 2153 1257 2218 Nam
1280 2153 1337 2234 qui
1359 2153 1394 2218 in

236 2254 382 2334 catalogo
405 2252 501 2319 modu
523 2253 602 2333 legit
623 2251 844 2336 Epimenidem
860 2254 980 2318 Panem
1003 2259 1035 2319 et
1049 2253 1210 2320 Arcadem
1231 2251 1394 2335 διδύμους

235 2356 427 2440 appellasse,
450 2354 479 2421 is
500 2374 605 2422 nonne
627 2353 735 2420 statim
750 2355 886 2422 coniciet
904 2353 958 2420 hic
972 2353 1108 2421 eandem
1123 2353 1392 2422 necessitudinem

236 2456 421 2542 designari?
459 2456 523 2524 Sed
546 2457 607 2524 hoc
629 2477 724 2523 sensu
746 2457 880 2542 scriptor
901 2458 929 2524 si
943 2458 1044 2525 verba
1058 2458 1162 2542 accipi
1177 2458 1279 2523 voluit
1293 2463 1392 2541 atque

236 2558 381 2640 intellegi
403 2593 445 2602 -
468 2578 527 2624 nec
549 2558 589 2623 de
612 2558 677 2624 alio
700 2559 840 2638 cogitare
862 2559 939 2624 lieet
960 2559 1021 2624 nisi
1044 2559 1153 2624 inania
1174 2559 1314 2644 captanti
1338 2597 1390 2645 -‚

235 2659 342 2726 fratris
364 2678 479 2724 nomen
501 2658 655 2740 omittere,
679 2660 706 2724 si
729 2659 806 2741 quid
828 2660 940 2742 sentio,
964 2681 1027 2726 non
1045 2659 1165 2728 debuit.
1202 2661 1295 2740 Quod
1318 2683 1390 2729 cum

236 2761 448 2846 perspiceret,
478 2760 530 2825 Fr.
557 2759 655 2827 Vater
681 2760 714 2824 in
743 2759 841 2826 Rhesi
867 2762 998 2829 fabulae
1027 2764 1101 2830 edit.
1131 2785 1161 2848 p.
1186 2767 1226 2830 86
1255 2764 1390 2832 Arcadis
1446 2769 1447 2822 l

237 2883 353 2930 nomen
376 2880 394 2926 e
417 2862 540 2927 voculis
563 2858 600 2926 δν
621 2865 678 2928 καὶ
700 2862 857 2929 eliciebat.
901 2863 945 2929 At
968 2866 1068 2931 lenius
1090 2866 1179 2934 locus
1201 2871 1339 2948 sanatur,
1360 2867 1389 2932 si

235 2971 308 3049 post
332 2962 469 3046 δίδυμον
491 2983 607 3030 nomen
625 2956 788 3050 Ἀρκάδος
810 2965 968 3032 excidisse
986 2969 1162 3036 statuimus.
1200 2968 1302 3048 Quam
1317 2989 1387 3034 con·
1446 3003 1447 3054 y

235 3068 389 3135 iacturam
401 3067 480 3133 nihil
497 3065 693 3134 difficultatis
708 3067 827 3133 habere
844 3068 949 3149 quivis
964 3072 1127 3155 concedet,
1143 3092 1215 3137 cum
1230 3070 1387 3136 turbatam

235 3170 484 3251 lacunosamque
513 3169 732 3239 condicionem
761 3171 875 3237 scholii
903 3170 945 3235 ad
968 3171 1067 3240 Rhesi
1089 3194 1118 3240 v.
1143 3176 1183 3238 36
1213 3175 1386 3259 perscripti,

236 3271 288 3336 eui
310 3269 393 3335 hanc
415 3271 554 3355 catalogi
576 3274 764 3357 particulam
788 3274 951 3358 debemus,
974 3275 1156 3359 inspexerit.
1201 3276 1263 3355 oui
1284 3295 1386 3358 neque

237 3377 338 3438 mutet
359 3370 534 3452 quidquam
556 3393 659 3457 neque
681 3375 800 3440 inserat
812 3377 846 3459 1),
870 3383 925 3443 aut
947 3376 989 3443 de
1009 3375 1222 3460 intellegendo
1242 3378 1385 3464 desperet
1446 3461 1447 3472 ἵ

236 3491 367 3539 necesse
390 3478 439 3538 est
460 3480 517 3538 aut
545 3480 649 3539 sumat
669 3475 866 3560 Aeschylum
896 3477 983 3544 nuda
1005 3477 1142 3543 Gemelli
1172 3480 1384 3564 appellatione
1446 3479 1447 3542 ἶ

234 3594 325 3641 usum
348 3592 429 3657 esse,
451 3580 488 3657 ut
502 3576 622 3642 Panem
643 3577 777 3643 alterum
793 3579 835 3644 ab
850 3580 952 3646 altero
968 3579 1184 3661 distingueret.
1222 3580 1260 3645 ld
1282 3587 1383 3649 tamur

324 3728 348 3792 1)
366 3724 411 3778 Sic
429 3724 538 3780 Mouzel
557 3726 574 3781 l.
594 3726 611 3782 l.
631 3732 658 3781 et
675 3727 749 3782 Frid.
768 3728 902 3783 Wieseler
925 3729 952 3783 in
971 3729 1201 3786 Commentatione
1221 3730 1254 3786 de
1271 3731 1342 3786 Pane
1359 3737 1383 3786 et

234 3809 358 3864 Paniscis
376 3809 435 3864 Ind.
454 3811 538 3866 schol.
559 3811 632 3865 Gott.
654 3814 717 3864 1875
736 3812 885 3879 praemissa
902 3829 929 3882 p.
949 3817 994 3883 20;
1016 3817 1063 3870 sed
1086 3822 1201 3887 uterquc
1217 3815 1291 3870 haud
1309 3815 1381 3871 dubie

234 3899 383 3949 commotus
409 3899 450 3950 est
471 3895 549 3950 initio
574 3896 646 3950 illius
670 3895 786 3950 fabellae
809 3911 826 3950 a
850 3896 995 3955 Welckero
1019 3901 1132 3968 collato,
1155 3903 1184 3956 in
1209 3916 1262 3970 quo
1281 3900 1381 3971 Didymi

234 3993 333 4034 nomen
351 3981 506 4049 corruptela
523 3996 557 4035 ex
574 3978 751 4049 Endymionis
769 3979 877 4036 nomine
895 3988 984 4038 ortum
1002 4000 1062 4042 esse
1080 4001 1165 4056 cupra
1181 3986 1296 4042 ostendi.
