2958 4734
227 257 288 316 238
535 237 540 250 ’
666 253 833 308 Reinholdus
852 253 940 308 Franz

226 449 296 495 enm
320 434 420 495 matre
441 426 541 494 filium
570 428 745 513 puerilibus
775 428 867 495 annis
894 426 937 491 ad
964 426 1087 492 caelum
1114 427 1282 509 abreptum
1311 445 1393 492 esse

225 531 378 598 audacter
399 530 563 615 fingerent.

768 652 839 727 §a

312 770 404 836 Cum
426 767 584 835 Arcade
606 769 750 833 Panem
776 767 983 833 coniunxit
1011 766 1172 833 artissimo
1194 765 1389 847 consangui-

227 873 336 939 nitatis
352 871 479 937 vineulo
494 870 714 935 Errmnurnns.
751 870 788 934 In
804 869 950 952 catalogo
967 868 1060 950 enim,
1076 888 1139 952 quo
1154 868 1251 934 Panis
1267 888 1389 951 genea-

228 975 336 1057 logiae
359 979 582 1039 enumerantur
604 991 762 1056 quemque
778 971 858 1038 Rob.
874 971 999 1037 Munzel
1022 970 1055 1035 in
1071 970 1199 1049 Quaest.
1223 971 1390 1063 mythogr.

227 1077 333 1142 Berol.
366 1077 445 1139 1883
481 1073 606 1139 emissis
634 1094 665 1157 p.
699 1075 737 1136 16
770 1071 897 1138 refinxit
932 1080 964 1139 ct
993 1093 1038 1139 ex·
1063 1071 1165 1138 doctis
1194 1072 1391 1157 Apollodori

230 1177 423 1262 rescideris
447 1175 535 1241 libris
557 1174 689 1240 fluxisse
712 1173 950 1256 demonstravit,
974 1175 1071 1241 ctiam
1086 1174 1167 1240 hacc
1189 1181 1275 1241 sunt:
1295 1168 1390 1242 Ἐπι-

230 1278 365 1366 μενίδης
387 1276 422 1342 δὲ
438 1277 647 1353 Καλλιστοῦς
667 1278 723 1340 καὶ
738 1272 823 1350 Διὸς
846 1273 972 1351 παῖδας
991 1279 1192 1362 γεγενῆσθαι
1207 1279 1307 1341 Πᾶνα
1330 1279 1390 1343 καὶ

219 1376 363 1468 Ἀρκάδα
394 1377 551 1461 διδύμους
581 1382 634 1458 (sc.
665 1376 798 1464 φησίν),
826 1377 868 1441 ab
890 1376 1007 1442 Ottone
1037 1379 1158 1456 Kernl)
1188 1377 1390 1463 Epimenidis

229 1485 394 1566 assignata
416 1481 607 1563 theogoniae
624 1479 695 1562 (lig.
714 1483 732 1544 6
755 1500 785 1564 p.
803 1481 865 1563 65),
888 1478 975 1560 quod
997 1500 1124 1545 carmen
1141 1481 1270 1547 sacculo
1292 1489 1391 1547 sexto

230 1590 368 1653 exeunte
391 1581 551 1649 eonditum
574 1601 646 1649 esse
677 1581 760 1648 idem
784 1581 942 1665 probauit.
986 1582 1146 1666 Nymphis
1175 1584 1229 1664 qui
1252 1583 1390 1650 Callisto

230 1689 487 1766 adnumerarent,
510 1685 586 1749 olim
608 1683 705 1750 luisse
728 1704 824 1768 supra
846 1681 1042 1748 audivimus:
1068 1682 1181 1748 horum
1204 1685 1390 1768 opinionem

231 1789 390 1858 Oreticum
407 1805 534 1869 quoquc
548 1792 676 1869 poetam
691 1790 834 1851 secutum
851 1804 922 1851 esse
943 1784 1020 1852 inde
1040 1783 1077 1849 fit
1094 1784 1389 1870 verisimillimum,

229 1912 270 1959 ne
287 1890 393 1956 dicam
408 1892 539 1972 certum,
563 1885 658 1969 quod,
675 1887 880 1969 quantumvis
894 1888 935 1953 de
951 1887 1048 1952 Panis
1068 1892 1236 1969 parentum
1252 1889 1389 1955 nomini·

230 1996 289 2060 bns
312 1990 489 2058 sententiae
511 1989 594 2054 inter
615 2008 650 2055 se
673 1988 856 2073 discedant,
878 1990 911 2054 in
933 1990 994 2056 hoe
1016 1996 1122 2056 tamen
1151 2008 1284 2072 magnus
1313 2010 1388 2058 con-

230 2114 341 2162 sensus
364 2096 508 2176 apparet,
531 2089 616 2171 quod
638 2090 817 2176 nymphai)
840 2092 939 2158 fertur
959 2091 1055 2157 Panis
1079 2097 1180 2158 mater
1205 2091 1303 2157 fnisse
1332 2099 1391 2159 aut

231 2202 317 2264 certe
338 2194 454 2260 nutrix,

235 2298 509 2396 ..njffibeflo'
528 2341 583 2394 quo
604 2325 638 2380 de
656 2327 758 2396 Orphei
775 2328 944 2397 Epimenidis
962 2327 1124 2396 Pherecydis
1148 2327 1202 2394 egit
1225 2328 1388 2395 theogonis,

230 2416 471 2566 Berol.2)18181?·ips⁰
485 2498 608 2564 camlugo
626 2497 726 2566 triplex
743 2500 1007 2564 mememoratur,
1026 2511 1080 2566 (111ει
1091 2496 1150 2550 Pan
1168 2498 1287 2566 nympha
1304 2504 1387 2553 natus
1444 2549 1445 2582 l

230 2585 396 2656 perhibetur,
414 2585 497 2650 atque
511 2583 591 2636 etiam
605 2577 765 2652 Πηνελόπη,
784 2598 863 2650 quam
876 2587 1019 2651 praeterea
1035 2582 1092 2636 illic
1103 2582 1266 2636 nominatam
1284 2582 1387 2638 inveni·
1444 2583 1445 2606 ³

230 2687 291 2726 mus
309 2680 443 2737 quamque
466 2665 545 2733 vulgo
573 2665 720 2720 credebant
742 2680 776 2720 ex
794 2665 929 2721 Mercurio
953 2667 1053 2721 Panem
1075 2667 1200 2734 genuisse
1220 2667 1264 2731 (cl.
1283 2667 1385 2722 Herod.

229 2755 329 2811 11145.
354 2750 426 2804 Plut.
446 2750 479 2805 dc
497 2750 550 2805 dei.
570 2766 609 2805 or.
631 2754 684 2816 li),
707 2765 768 2804 cum
793 2766 827 2805 ex
844 2751 970 2820 Apolline
993 2751 1070 2806 vellet
1084 2751 1218 2806 Pindarus
1243 2751 1287 2815 (ci.
1306 2753 1386 2807 catal.

230 2834 630 2909 Apollod.=lrg.100ng)
652 2838 680 2889 et
703 2849 736 2889 ex
757 2837 848 2904 prucis
873 2837 997 2891 omnibus
1021 2837 1103 2890 Duris
1128 2836 1234 2890 Samius
1257 2834 1343 2901 (PHG
1360 2838 1386 2892 ll

230 2942 258 2994 p.
272 2927 322 2978 479
340 2919 390 2990 lrg.
404 2922 455 2988 42),
477 2919 602 2974 —etiam
616 2919 757 2975 haecolim
775 2921 920 2991 nympham
939 2921 1104 2988 significasse
1122 2921 1227 2975 videtur
1246 2921 1387 2977 nominee

230 3007 347 3064 texenda
358 3005 412 3060 tela
425 3005 542 3060 deducto
554 3005 600 3071 (ci.
611 3005 713 3059 Preller
722 3005 807 3077 Myth.
820 3007 865 3062 Gr.
876 3007 907 3060 Ι3
918 3024 944 3075 p.
955 3011 1005 3060 616
1017 3011 1045 3060 et
1053 3006 1182 3061 Weleher
1193 3006 1289 3062 Doctr.
1302 3006 1327 3062 d.
1338 3007 1384 3061 Gr.

231 3094 257 3147 ll
274 3108 301 3161 p.
320 3095 390 3157 657).
419 3090 581 3160 Plerumque
598 3105 660 3145 vero
679 3090 750 3146 hanc
765 3090 919 3160 Penelopen
938 3090 1078 3146 confusam
1096 3090 1216 3146 uidemus
1234 3106 1295 3144 cnm
1307 3092 1386 3146 Icarii

230 3179 287 3232 iilia
304 3177 368 3244 (iam
386 3176 420 3230 ab
436 3174 537 3230 Herod.
557 3177 665 3242 11145).
695 3177 733 3229 At
750 3175 866 3245 pristina
883 3176 940 3229 eius
957 3178 1056 3229 natura
1074 3175 1124 3230 suh
1141 3177 1200 3244 ipso
1218 3176 1386 3244 antiquitatis

231 3263 304 3318 exitu
322 3275 418 3315 rursus
436 3262 547 3328 emmglt
566 3262 640 3329 apud
656 3261 783 3317 Nonnum
800 3261 866 3316 XIV
885 3265 917 3315 87
931 3276 1002 3328 squ:

386 3353 479 3401 τοῖσιν
497 3342 566 3402 ἕσαν
584 3342 633 3402 δύο
653 3350 747 3412 Πᾶνες
766 3341 910 3418 δμήλυδες,
929 3339 978 3410 οὓς
995 3345 1078 3402 τέκεν
1090 3339 1215 3417 Ἑρμῆς

384 3429 535 3500 κεκριμένη
553 3426 683 3502 φιλότητι
700 3435 791 3504 μιγεὶς
809 3426 954 3500 acceptori
972 3425 1106 3500 νύμφαις·

384 3533 438 3570 τον
454 3515 507 3584 μὲν
525 3545 555 3553 —
570 3545 602 3552 -
615 3545 649 3554 -

385 3595 439 3655 τὸν
456 3599 486 3656 δὲ
505 3607 607 3667 νομαῖς
626 3593 698 3656 ὀίων
716 3596 829 3669 Νόμιον
846 3601 940 3670 φίλον,
960 3593 1073 3656 δππότε
1092 3595 1235 3673 Νύμφης

386 3682 499 3754 δέμνιον
517 3677 673 3755 ἀγραύλοιο
693 3685 813 3756 διέστιχε
831 3686 1085 3756 Πηνελοπείης.

231 3771 342 3826 Mortali
358 3774 436 3838 patre
448 3771 540 3822 natam
551 3767 634 3822 Panis
647 3773 759 3823 matrem
771 3769 882 3824 linxisse
894 3768 968 3824 aolus
982 3771 1098 3824 omnium
1111 3771 1223 3838 videtur,
1237 3774 1283 3839 qui
1295 3775 1384 3843 postc-

233 3856 312 3911 rioris
331 3855 427 3910 aetatis
445 3859 495 3920 est,
513 3859 610 3908 auctor
628 3853 763 3908 Homerici
780 3853 808 3908 in
825 3855 927 3910 Panem
945 3855 1036 3924 hymni
1053 3855 1129 3923 (XIX
1147 3860 1194 3922 34,
1213 3857 1260 3911 ubi
1279 3847 1384 3930 νύμφης

233 3955 345 4006 nomen,
370 3939 442 4008 quod
466 3937 589 3994 nonnulli
606 3940 725 3994 retinent
752 3940 796 4004 [ci.
822 3939 952 3995 Ludwich
971 3942 998 3994 in
1016 3941 1086 3995 Mus.
1105 3940 1199 3996 Rhen.
1213 3945 1246 3995 42
1271 3958 1297 4011 p.
1317 3948 1383 4010 tobi,

234 4030 391 4096 corruptum
409 4024 540 4091 existimo,
558 4024 684 4092 quoniam
702 4028 859 4092 argumento
877 4025 925 4095 [cl.
938 4019 1020 4098 ιῖνδρὶ
1032 4021 1111 4098 παρὰ
1124 4029 1221 4102 θνητῷ
1239 4033 1266 4082 et
1278 4027 1340 4084 τέκε
1357 4023 1382 4084 δ’
