2988 4728
412 314 414 322 ,
514 253 556 308 De
574 252 701 310 Cadistus
719 253 822 310 fabula.
1182 257 1244 330 337

18 481 19 486 ,
80 426 179 493 «Sed
200 429 310 494 lucet
332 428 370 492 in
392 426 519 492 astris
538 426 543 508 1
563 424 740 495 Callisto
761 432 1015 511 renovatque
1041 447 1134 495 suos
1156 429 1242 496 sine

80 529 286 596 fluctibus
308 519 455 613 ignes».³

18 719 19 722 Ἴ
170 630 344 699 Nonacrini
366 631 482 696 montis
504 628 698 696 mentionem
719 648 817 713 supra
838 650 879 696 ex
900 630 1001 712 ignoti
1021 629 1108 696 illius
1130 636 1246 714 poetae

81 733 230 800 versibus
251 731 388 816 repetivi
411 737 443 799 et
463 731 538 798 hinc
561 730 681 798 conieci
704 750 760 797 eos
788 732 820 796 in
843 733 1068 799 commentario
1091 733 1167 798 olim
1190 755 1244 800 cx-

80 835 214 928 stitisse.
265 833 357 912 Quae
385 834 568 900 coniectura
595 834 656 900 etsi
683 855 741 919 per
768 855 803 901 se
830 856 894 902 non
923 841 973 900 est
999 835 1182 902 necessaria
1203 873 1246 882 -

80 941 191 1022 potest
213 936 298 1003 enim
320 940 432 1002 auctor
453 935 641 1020 Argumenti
663 937 760 1003 etiam
788 935 867 1020 fingi
888 959 951 1004 non
978 937 1048 1022 ipse
1071 958 1181 1005 versus
1204 939 1244 1004 ob

81 1039 195 1106 oculos
216 1037 378 1121 habuisse,
407 1038 464 1105 sed
488 1039 556 1104 eius
578 1038 633 1119 qui
655 1057 711 1105 eos
733 1039 774 1106 ob
797 1039 906 1105 oeulos
928 1037 1057 1121 habuit,
1086 1059 1243 1107 commen-

82 1140 199 1207 tatoris
221 1139 305 1221 dicc,
327 1139 427 1206 verba
449 1137 629 1206 reddidisse
649 1169 702 1223 -ae,
724 1144 833 1204 tamen
855 1140 920 1206 alio
941 1140 1071 1207 nomine
1091 1141 1138 1207 ita
1161 1163 1244 1208 com-

81 1242 263 1324 mendatur,
286 1248 322 1306 ut
336 1239 467 1307 credere
482 1239 578 1308 liceat
593 1261 645 1308 me
660 1261 770 1306 verum
786 1246 967 1308 assecutum
982 1259 1061 1309 esse.
1102 1244 1245 1327 Apparet

81 1346 170 1413 enim
204 1349 279 1410 ante
321 1344 421 1409 verba
459 1337 526 1410 ‘vel
559 1335 645 1427 alii',
684 1362 767 1426 quae
801 1343 940 1410 editores
974 1343 1131 1411 violenter
1172 1365 1244 1412 con-

84 1445 236 1514 iectando
258 1447 376 1512 frustra
398 1451 610 1530 tentaverunt,
631 1446 755 1528 aliquid
769 1445 936 1514 excidisse.
974 1445 1059 1525 Quid
1080 1447 1245 1532 exciderit,

83 1549 218 1616 dubium
242 1565 313 1616 esse
342 1547 462 1630 nequit.
504 1547 703 1615 Praecedere
732 1548 816 1615 enim
845 1549 924 1616 nihil
948 1549 1036 1616 aliud
1059 1551 1161 1635 potuit
1183 1551 1244 1617 nisi

82 1653 168 1718 alius
190 1649 352 1735 scriptoris
375 1648 416 1715 de
439 1649 553 1716 eadem
575 1670 619 1733 re,
647 1650 730 1717 Ursa
751 1669 914 1733 nunquam
937 1651 1111 1736 occidente,
1134 1654 1244 1720 verba.

83 1751 254 1819 Eiusmodi
276 1757 383 1817 autem
406 1756 479 1818 sunt
501 1771 613 1818 versus
634 1751 698 1836 illi,
720 1752 763 1817 ad
786 1771 867 1834 quos
894 1753 929 1819 in
950 1755 1148 1837 Argumento
1170 1763 1244 1822 ante

81 1861 264 1939 respectum
280 1858 337 1920 est.
375 1857 459 1934 Ergo
475 1859 598 1920 tantum
619 1854 917 1921 nonacertissimum
940 1860 989 1920 est
1011 1875 1067 1920 eos
1088 1855 1151 1922 hoc
1172 1859 1243 1922 loco

83 1956 255 2024 exstitisse.
301 1955 383 2022 Hinc
404 1964 522 2039 autem,
547 1957 617 2022 sive
640 1976 681 2022 ex
703 1962 890 2041 argumento
913 1955 1078 2022 etiamtum
1100 1957 1244 2042 pleniore

82 2061 155 2125 sive
178 2079 219 2124 ex
241 2057 469 2125 commentario
491 2057 572 2142 ipso,
595 2059 777 2144 transcripti
805 2064 878 2123 sunt
905 2058 938 2124 in
961 2057 1081 2143 Hygini
1104 2059 1243 2126 Fabulae

82 2168 115 2227 et
142 2168 363 2246 pervenerunt,
385 2161 418 2226 in
439 2180 568 2244 prosam
590 2159 696 2244 soluti,
718 2161 750 2225 in
774 2159 917 2228 eiusdem
939 2160 1168 2228 Astronomica.

171 2264 239 2329 lam
269 2263 309 2328 de
338 2263 387 2328 his
415 2262 562 2330 versibus
590 2265 667 2330 satis
702 2262 830 2328 dictum.
882 2263 975 2341 Quod
1004 2284 1079 2330 vero
1111 2265 1154 2329 ad
1188 2285 1244 2330 ecs

81 2365 210 2449 attinet,
233 2364 288 2446 qui
304 2364 363 2430 hos
378 2363 455 2428 olim
471 2363 757 2446 subsequebantur,
779 2384 862 2429 nunc
876 2365 936 2430 soli
952 2369 1079 2430 exstant
1093 2365 1126 2428 iu
1140 2366 1242 2447 Argu·

81 2474 205 2534 mento:
227 2471 354 2551 praeter
368 2463 543 2532 Robertum
559 2463 677 2547 Unger,
699 2465 754 2547 qui
776 2464 810 2530 in
832 2464 888 2530 illo
904 2483 1094 2548 programm.
1118 2486 1149 2550 p,
1167 2472 1241 2546 lsq.

83 2592 101 2636 e
126 2569 250 2634 voculis
275 2563 342 2633 ‘vel
370 2559 439 2632 alii'
470 2565 651 2650 temerario
667 2567 812 2633 ut'solet
840 2568 961 2651 impetu
989 2573 1099 2650 raptus
1126 2587 1243 2634 nomen

78 2666 247 2737 ‘Varronis
268 2661 408 2736 Atacini'
434 2669 543 2735 elicuit
557 2688 733 2752 versusque
747 2671 857 2755 paucis
873 2669 979 2736 verbis
995 2669 1149 2754 suppletis
1171 2690 1241 2735 cum

84 2772 248 2860 prioribus
263 2773 327 2838 illis
342 2770 488 2837 versibus
504 2770 608 2837 eidem
624 2778 740 2856 poetae
756 2771 929 2854 assignatis
944 2771 1116 2855 coniunxit,
1141 2772 1241 2838 cuius·

82 2897 160 2941 nam
183 2876 246 2941 sint
267 2892 361 2939 nemo
383 2873 451 2938 scit.
496 2872 595 2955 Digni
617 2881 702 2939 certe
724 2877 797 2940 sunt
818 2873 941 2958 optima
961 2879 1076 2943 aetate.

169 2974 305 3044 Hesiodi
327 2993 460 3055 nomen,
488 2978 523 3038 ut
550 2973 590 3040 de
613 2975 673 3040 hoc
694 2995 798 3059 pauca
819 2973 954 3057 addam',
983 2994 1066 3039 nunc
1093 2995 1157 3040 non
1184 2994 1241 3041 suo

82 3081 154 3146 loco
183 3077 264 3162 legi,
293 3076 350 3143 sed
379 3074 420 3141 ab
450 3075 541 3142 initio
563 3076 749 3158 Argumenti
777 3075 819 3140 ad
849 3074 945 3141 finem
974 3092 1046 3139 esse
1075 3073 1242 3159 delapsum

81 3202 180 3265 supra
191 3179 316 3247 ostendi
329 3183 372 3264 (p.
382 3177 524 3262 265sq.).
554 3176 752 3243 Incusandus
763 3176 850 3242 haud
863 3175 960 3242 dubie
970 3176 999 3241 is
1011 3182 1069 3259 est,
1085 3175 1140 3259 qui
1155 3176 1241 3242 docti

83 3280 304 3360 commentarii
327 3279 478 3364 reliquias
500 3280 567 3347 suis
582 3278 817 3346 namationibus
833 3278 887 3344 hic
907 3278 974 3344 illic
994 3277 1154 3362 inspersit,
1177 3297 1241 3360 qua

82 3385 117 3450 in
140 3403 173 3449 re
196 3405 269 3450 enm
290 3405 353 3450 non
376 3383 454 3448 satis
476 3381 646 3464 diligenter
663 3386 824 3447 versatum
846 3400 916 3447 esse
939 3379 1063 3447 duobus
1085 3382 1241 3465 exemplis

82 3507 181 3570 supra
201 3507 232 3570 p.
249 3489 310 3550 263
334 3483 560 3551 demonstravi.

170 3587 334 3653 Hactenus
356 3587 397 3650 de
412 3585 530 3652 Ouidio
553 3585 684 3669 eiusque
706 3585 888 3651 auctoribus
911 3588 943 3650 et
965 3585 1071 3652 decis
1093 3604 1176 3667 quae
1199 3606 1240 3652 ex

83 3687 383 3774 Metamorphoseon
405 3689 631 3754 commentario
652 3693 831 3772 supersunt.
