2958 4734
502 279 544 334 De
562 279 689 334 Callistus
708 277 808 334 fabula.
1169 271 1231 332 243

78 450 156 518 illud
180 460 236 518 aut
257 453 390 548 litteras⁸
402 453 482 516 MA
504 458 559 520 aut
580 451 765 537 delphinum
788 457 844 516 aut
871 448 1057 532 tridentem,
1086 447 1146 515 hoc
1168 453 1232 514 tres

78 553 212 636 glandes
241 553 403 621 continens
424 552 478 637 (ef.
494 555 772 635 Imhooi-Blumer,
793 547 911 619 ‘Monu
927 541 1095 635 grecques'
1121 571 1154 634 p.
1173 553 1231 615 198

78 656 138 722 No.
155 660 332 722 nso-232.
362 655 455 724 Head
478 655 560 722 Hist.
581 675 667 722 num.
690 677 720 740 p.
738 651 825 738 376).
862 654 913 719 Ad
929 671 1009 735 quos
1031 653 1054 716 ii
1069 651 1232 734 accedunt,

78 759 132 841 qui
154 758 188 824 in
214 759 321 826 antica
341 764 433 845 parte
455 765 552 842 eaput
580 757 700 824 habeut
722 775 814 822 ursae
836 755 1051 822 sinistrorsum
1074 757 1232 839 spectans,

76 861 110 928 in
125 883 240 929 aversa
255 861 405 945 glandem
421 860 475 943 (ci.
488 859 757 926 lmhoof-Blumer
772 860 832 925 No.
846 861 917 924 233.
931 861 1003 923 234.
1020 855 1114 923 Head
1129 854 1233 938 ibid).

77 965 127 1028 Ex
148 965 205 1032 illo
227 984 360 1031 numero
384 963 438 1045 qui
460 963 493 1028 in
514 979 630 1027 aversa
645 967 737 1045 parte
759 959 895 1044 effigiem
913 958 1058 1042 delphini
1074 963 1129 1024 ant
1143 958 1233 1040 glan-

76 1065 165 1131 dium
180 1065 360 1146 osteudunt,
384 1083 440 1132 eos
456 1063 532 1128 Adr.
548 1063 589 1129 de
604 1063 799 1148 Longpdrier
814 1058 954 1145 (‘Revue
977 1050 1131 1127 numism.³
1154 1062 1233 1124 1874

76 1189 108 1252 p.
129 1171 188 1232 166
201 1173 261 1251 sq.)
283 1173 413 1252 propter
436 1164 601 1248 antiquam
630 1163 807 1231 litterarum
832 1166 967 1230 formam
995 1163 1095 1229 aetati
1124 1159 1235 1227 tribuit

75 1269 292 1353 Aeschyleae;
316 1287 425 1334 omnes
447 1268 531 1334 intra
553 1285 652 1332 anuos
669 1269 730 1330 500
747 1270 780 1332 et
790 1269 856 1330 1400
880 1262 1050 1330 collocavit
1065 1262 1159 1329 Head
1174 1263 1195 1326 l.
1211 1263 1232 1328 l.

76 1371 195 1436 Ursam
219 1376 326 1437 autem
349 1389 459 1438 omues
480 1369 555 1450 iere,
580 1367 634 1448 qui
650 1366 690 1434 de
706 1366 755 1434 his
770 1367 907 1434 nummis
923 1365 1124 1452 seripserunt,
1148 1370 1233 1449 post-

77 1492 175 1555 quam
187 1471 228 1539 de
240 1471 273 1536 la
283 1471 445 1554 Saussaye
457 1465 600 1550 (Annei.
613 1468 654 1536 de
666 1469 760 1535 l'iust.
770 1461 863 1536 arch?
878 1473 995 1554 1845p.
1009 1471 1079 1547 102)
1087 1467 1233 1553 praeivit,

76 1573 120 1639 ad
138 1573 270 1641 Callisto
285 1573 482 1655 rettulemnt,
506 1591 577 1637 eum
592 1592 633 1638 ex
649 1572 705 1656 eis,
726 1590 808 1653 quae
823 1573 918 1638 Paus.
933 1571 1009 1638 VIII
1025 1574 1075 1655 36,
1094 1574 1112 1636 8
1136 1569 1234 1636 tradit

77 1675 149 1759 (καὶ
160 1673 202 1739 τὰ
215 1667 299 1741 ὀστᾶ
310 1668 473 1762 Ἀρκάδος
483 1675 542 1740 τοῦ
555 1673 765 1749 Καλλιστοῦς
777 1665 946 1739 ἀνείλοντο
955 1669 1109 1737 ἐντεῦθεν
1119 1676 1233 1751 [sermo

78 1785 129 1846 est
150 1778 191 1844 de
212 1778 370 1856 Maenalo]
393 1775 476 1842 κατὰ
498 1775 536 1842 τὸ
562 1773 596 1841 ἐκ
617 1775 762 1862 Δελφῶν
783 1773 955 1857 μάντευμα
980 1773 1012 1839 οἱ
1037 1778 1233 1854 Μαντινεῖς)

78 1885 111 1946 et
134 1899 216 1962 quae
238 1880 324 1946 idem
346 1881 440 1965 plura
461 1879 592 1963 exponit
614 1878 690 1942 VIII
712 1880 742 1959 9,
759 1881 787 1960 3,
811 1876 997 1962 colligerent
1019 1882 1153 1944 matrem
1176 1877 1233 1942 Ar-

48 2005 56 2020 ·
78 1983 169 2049 cadis
183 1982 365 2049 Mantineae
381 1979 534 2065 peculiari
549 1979 668 2047 honore
690 1986 722 2045 et
743 1980 830 2045 cultu
844 1977 997 2046 floruisse.
1035 1978 1124 2058 Quae
1139 1978 1234 2044 inter-

77 2084 217 2171 pretatio
232 2085 259 2152 si
275 2089 363 2151 certa
378 2089 427 2149 est
442 2103 481 2149 ao
494 2083 685 2166 necessaria,
708 2082 842 2148 multum
857 2080 925 2149 sine
941 2081 1038 2147 dubio
1061 2082 1233 2162 lucramur,

77 2207 154 2254 nam
183 2190 252 2253 rato
281 2192 349 2252 tum
377 2184 587 2269 comperimus
616 2185 798 2250 testimonio
826 2185 859 2250 in
887 2184 958 2269 ipsa
981 2182 1122 2250 Arcadia
1151 2183 1236 2248 cirea

77 2291 248 2356 Persarum
264 2289 351 2354 bella
373 2307 445 2354 eam
467 2285 691 2368 narrationem,
715 2305 778 2367 qua
800 2285 933 2371 Callisto
956 2305 1031 2352 ursa
1053 2288 1139 2351 faeta
1163 2303 1233 2352 esse

75 2394 221 2474 ferretur,
235 2390 385 2472 quoniam
397 2389 527 2473 publica
537 2386 725 2452 auctoritate
738 2387 893 2453 sancitam
904 2386 1060 2468 videmus,
1074 2405 1235 2468 regnasse,

74 2491 224 2559 siminus
241 2511 298 2576 per
320 2494 420 2556 totam
434 2489 596 2555 nationem
611 2487 829 2572 multiplicem,
852 2494 985 2555 atcerte
1006 2489 1039 2554 in
1062 2485 1236 2573 praestanti

74 2595 259 2678 einsparte.
298 2590 362 2658 Sed
375 2591 458 2658 enim
470 2609 592 2674 vercor,
604 2611 645 2657 ne
656 2610 715 2675 spe
726 2610 784 2657 nos
796 2591 883 2657 inani
893 2591 1083 2674 interpretes
1095 2588 1236 2656 frustrati

75 2697 151 2764 sint.
178 2695 262 2762 Nam
273 2695 480 2762 fundamenta
490 2693 617 2760 illorum
629 2693 785 2778 opinionis
796 2693 852 2760 ubi
863 2693 1044 2776 quaerimus
1056 2713 1095 2759 ae
1106 2691 1235 2758 circum-

75 2805 261 2884 spectamus
282 2796 386 2864 sintne
407 2796 538 2878 idonea,
568 2817 631 2863 non
654 2796 708 2862 diu
730 2797 810 2862 latet
831 2797 920 2862 nulla
943 2795 1071 2862 omnino
1093 2796 1236 2861 subesse.

165 2900 249 2968 Ursa
264 2899 358 2983 enim,
381 2897 471 2965 euius
493 2898 632 2984 effigiem
648 2898 863 2965 Mantiuenses
885 2898 919 2963 iu
941 2898 1079 2964 adversa
1094 2915 1236 2961 nummo·

77 3023 165 3085 rum,
195 3021 274 3084 quos
302 3001 421 3086 primos
450 3000 646 3085 percussisse
674 2999 839 3082 videntur,
872 3003 963 3084 parte
996 2996 1236 3082 exprimendam

78 3109 286 3186 curaverunt,
317 3102 561 3186 contemplantis
583 3101 724 3168 animum
753 3100 934 3168 necessario
964 3100 1006 3166 ad
1027 3097 1135 3165 varias
1163 3097 1237 3164 illas

79 3212 211 3273 revocat
234 3204 419 3271 animalium
441 3203 569 3288 figuras,
593 3223 673 3288 quas
691 3203 868 3284 antiquiore
890 3206 996 3267 aetate
1019 3201 1052 3267 in
1075 3201 1236 3285 plerisque

80 3309 276 3375 Graecorum
297 3306 435 3372 nummis
457 3305 654 3389 invenimus,
677 3325 811 3389 quorum
836 3303 961 3388 speeies
986 3303 1037 3369 his
1059 3303 1100 3370 de
1123 3304 1237 3386 quibus

79 3410 206 3494 agimus
228 3408 392 3475 simillima
407 3416 466 3492 est,
489 3429 561 3474 cum
576 3415 609 3474 et
630 3407 679 3474 illi
700 3408 733 3473 in
749 3407 809 3474 hac
824 3412 915 3492 parte
930 3405 1078 3472 animalis
1092 3405 1237 3492 figuram,

80 3514 114 3578 in
130 3512 188 3578 illa
203 3510 394 3593 quadratum
409 3511 570 3577 incussum
586 3509 774 3594 exhibeant;
794 3529 891 3593 quam
906 3509 1040 3576 formam
1056 3507 1237 3590 antiquissi-

80 3634 168 3680 mam
190 3611 408 3680 Mantinenses
430 3611 464 3677 in
487 3632 525 3678 eo
547 3618 671 3680 tanturn
695 3613 911 3693 deseruerunt,
938 3611 1024 3692 quod
1047 3607 1238 3693 quadratum

80 3721 137 3782 aut
158 3713 352 3796 triangulum
374 3712 476 3794 signis
497 3718 553 3780 aut
579 3715 694 3782 litteris
716 3715 935 3798 expleverunt.
978 3713 1109 3777 lllorum
1132 3714 1238 3774 nutem
1267 3707 1276 3720 ⁸

80 3815 268 3884 animalium
285 3833 367 3897 quae
382 3814 489 3881 sitris
504 3836 543 3882 ac
556 3817 654 3898 notio,
668 3837 751 3882 nuno
765 3817 848 3882 inter
859 3833 969 3881 omnes
983 3814 1030 3880 rei
1043 3809 1239 3876 nummariae

81 3919 203 4004 peritos
225 3922 359 3985 constat.
396 3918 571 3999 Postquam
587 3917 661 3982 sm.
677 3917 803 3983 Curtius
826 3917 859 3982 in
881 3918 1009 3984 Menstr.
1026 3912 1116 3979 acad.
1134 3913 1237 3979 Berol.

85 4024 168 4086 1869
191 4015 329 4099 I‘Ueber
350 4018 414 4085 den
436 4018 527 4101 relig.
544 4016 722 4085 Charakter
740 4017 772 4085 d.
788 4017 907 4102 gricoh.
923 4005 1088 4098 llltnzeu')
1111 4014 1237 4084 iterum·
