2958 4734
222 285 284 346 270
661 281 829 340 Reinbcldus
846 281 936 338 Franz

223 457 345 526 scholio
374 462 482 525 autem
510 473 709 522 communem
738 453 932 520 mentionem
959 452 1080 521 hebent
1108 453 1265 520 Mercurii.
1310 454 1380 520 Iam

225 577 302 626 vcro
324 579 397 626 cum
419 555 549 640 egregie
571 556 762 624 conveniant
785 554 871 636 quod
885 553 1060 621 Mercurius
1082 559 1225 637 praestat
1240 553 1381 623 officium

224 660 312 745 apud
325 658 521 727 Pausaniam
536 657 651 724 infanti
673 649 824 740 quodque
845 655 932 722 idem
952 654 1038 740 apud
1054 654 1261 722 scholiastam
1276 658 1380 740 matri,

224 780 329 844 neque
349 761 416 828 ullo
446 766 540 844 pacto
562 759 703 844 potuerit
725 756 885 824 Hesiodus
913 756 1098 840 praeterire,
1126 757 1197 838 quis
1226 757 1380 825 infantem

225 870 384 945 curasset,
413 861 521 928 nullus
543 859 672 943 dubito,
703 860 779 941 quin
800 863 936 940 utroque
966 858 1131 925 coniuncto
1154 857 1250 925 finem
1273 878 1381 926 narra·

226 964 322 1031 tionis
343 961 525 1031 Hesiodeae
547 962 747 1046 recipiamus.
791 958 895 1039 Quam
923 959 984 1026 hcc
1011 963 1141 1042 recepto
1164 959 1229 1026 iam
1252 961 1380 1043 plenam

229 1071 383 1133 tenemus.
427 1063 502 1132 nuit
524 1066 641 1146 autem,
664 1062 770 1129 omnia
792 1061 821 1127 si
841 1058 1068 1142 recolligimus,
1091 1060 1171 1127 haec
1192 1062 1274 1129 fere:

311 1165 542 1248 callistes,
575 1162 815 1249 Lycaonisl)
845 1155 974 1244 (q'uem
1000 1161 1238 1244 Pelasgusi)
1272 1167 1382 1230 terra

227 1267 324 1335 olim
348 1260 521 1349 editns⁴)
543 1266 754 1348 genuerat)
776 1264 911 1347 tiliae,
933 1263 1069 1347 patria
1091 1264 1380 1332 eratAroadia

225 1368 380 1435 Adulta
407 1388 428 1434 a
456 1366 572 1432 molli
599 1365 804 1448 virginum
836 1365 1001 1447 ingenio
1035 1369 1074 1430 et
1101 1362 1281 1430 moribus
1313 1367 1381 1431 ab·

225 1469 423 1537 horrebat
455 1486 500 1532 ac
532 1464 670 1532 durum
703 1465 784 1534 sibi
818 1466 946 1549 elegit
978 1464 1158 1532 venandi
1187 1465 1380 1549 studium3

225 1572 367 1651 itaque
397 1567 446 1634 ad
474 1567 643 1633 Dianam
672 1586 713 1634 se
742 1567 989 1652 applicavit;
1023 1586 1135 1649 quam
1164 1567 1203 1633 in
1233 1570 1382 1634 monti·

226 1672 299 1737 bue
332 1672 443 1736 feras
480 1668 710 1751 agitantem
747 1669 1029 1736 comitabatur.
1083 1667 1163 1735 Sed
1197 1670 1383 1754 Iuppiter

226 1770 538 1857 pulchritudine
566 1771 654 1836 eius
683 1775 824 1854 captus
847 1769 1133 1850 virginitatem
1162 1771 1198 1836 ei
1220 1773 1380 1855 eripuit.

226 1875 277 1938 At
304 1871 397 1953 illa,
428 1871 524 1954 quid
545 1890 669 1954 passa
696 1875 824 1952 esset,
853 1870 1039 1937 dominae
1067 1871 1227 1955 aperire
1250 1871 1382 1938 verita

226 1971 1381 2058 permansitincastoeiuschoro,tanqnametipsaetiam

227 2079 335 2142 esset
367 2074 540 2156 integra.
596 2072 719 2152 Quam
751 2072 934 2138 fraudem
971 2093 1046 2139 non
1083 2073 1243 2158 impune
1275 2074 1380 2140 tulit.

225 2168 336 2242 ‘Nam
364 2174 442 2240 iam
471 2180 586 2241 utero
614 2175 929 2256 ingravescente
957 2192 1083 2258 prope
1112 2173 1217 2242 diem
1239 2180 1382 2260 partus

227 2276 266 2340 in
296 2275 465 2341 flumine
493 2293 641 2358 corpus
665 2293 749 2341 cum
771 2279 993 2357 recrearet,
1022 2296 1043 2340 a
1065 2275 1197 2342 Diana
1219 2277 1382 2361 cognita

228 2383 289 2444 est
320 2398 396 2444 non
428 2394 698 2444 conservasse
731 2367 1080 2460 virginitatem’⁵)‚
1114 2377 1382 2460 graviterque

227 2477 416 2544 offensae
444 2479 584 2544 statim
613 2496 762 2562 poenas
796 2469 912 2543 dedit
939 2496 1141 2545 conversa
1173 2478 1213 2542 in
1241 2497 1382 2546 ursam.

226 2579 288 2645 lta
311 2578 541 2646 deformata
563 2597 648 2645 oum
670 2578 789 2643 turba
817 2579 1048 2659 aequalium
1075 2579 1225 2645 relicta
1246 2579 1286 2643 in
1316 2578 1380 2647 de·

226 2685 336 2746 serta
357 2678 499 2762 lugere
521 2682 662 2770 coacta
685 2682 809 2760 esset,
838 2677 888 2743 ad
911 2679 1087 2762 patrium
1115 2699 1156 2746 se
1179 2680 1384 2748 convertit

228 2780 632 2863 montemLycaeum‚
656 2777 901 2862 ubipuerum
918 2779 1133 2864 enixaest,
1156 2780 1219 2847 cui
1240 2787 1384 2865 postea

228 2878 534 2948 nomenArcadi
557 2885 618 2947 est
640 2877 822 2945 inditum.
860 2881 956 2946 Tum
978 2880 1155 2964 denique
1176 2882 1383 2967 Iuppiter,

227 2981 541 3052 miseratus.cui
569 2981 761 3047 malorum
789 2988 930 3048 auctor
960 2983 1184 3066 exstiterat
1212 2990 1250 3048 et
1272 3003 1383 3051 suum

315 3171 339 3232 1)
350 3167 478 3221 Callistus
487 3179 592 3230 nomen,
608 3163 681 3233 quod
694 3163 723 3218 in
736 3164 837 3219 (latest.
848 3164 876 3218 in
886 3163 972 3220 Ursae
981 3164 1092 3220 maioris
1107 3165 1187 3222 titulo
1196 3166 1279 3234 deest,
1296 3169 1384 3223 exstet

227 3250 265 3304 ib.
283 3249 312 3303 in
324 3249 530 3318 Arctophylacis
547 3249 624 3316 signo
643 3247 716 3304 etin
733 3248 835 3303 scholio
849 3248 1011 3305 Theocriteo
1030 3265 1062 3304 ac
1081 3254 1220 3305 constaret
1237 3252 1279 3305 rel
1299 3251 1383 3320 patris

228 3332 349 3399 nomine;
368 3331 504 3402 Lycaonis
521 3333 591 3388 enim
608 3332 665 3386 filia
682 3331 741 3387 sola
759 3331 859 3387 dicitur
877 3332 998 3400 callisto,
1018 3349 1156 3404 nunquam
1174 3334 1315 3392 Themisto
1338 3341 1384 3390 aut

228 3416 353 3484 Megisto,
372 3417 444 3484 quod
461 3431 557 3472 moneo
576 3421 670 3472 contra
688 3415 838 3472 Rebar-tum
855 3417 884 3472 in
902 3417 982 3472 Prell
1001 3418 1087 3488 Myth.
1106 3419 1136 3472 1⁴
1154 3436 1181 3488 p.
1193 3424 1243 3474 304
1261 3419 1324 3475 adn.
1336 3425 1360 3475 2.

315 3504 341 3565 2)
358 3499 400 3556 De
411 3500 497 3571 petris
515 3500 622 3555 nomine
640 3501 813 3557 consentiunt
825 3502 902 3556 Erat.
922 3507 949 3556 et
966 3503 1051 3559 schol.
1071 3503 1186 3559 Theocr.
1216 3503 1303 3560 Error
1321 3506 1385 3562 sub·

231 3600 291 3642 esse
308 3584 414 3640 videtur
430 3585 459 3638 in
476 3585 566 3655 Apoll.
584 3584 706 3640 Bibllll
718 3589 741 3651 8,
752 3589 776 3650 2,
787 3591 811 3649 2,
823 3585 864 3659 cl.
884 3601 967 3656 supra
983 3605 1011 3658 p.
1026 3592 1074 3642 237
1092 3588 1154 3642 adn.
1168 3593 1191 3643 1.

315 3673 340 3735 3)
359 3668 402 3724 cf.
421 3669 471 3737 lrg.
492 3675 521 3724 'll
539 3669 589 3725 az.
611 3667 687 3735 Υιέες
704 3669 869 3741 ἐξεγένοντο
891 3668 1043 3738 Λυκάονος
1061 3665 1207 3729 ἀντιθέοιο

610 3743 645 3809 ὅν
663 3773 735 3811 ποτε
752 3756 829 3812 τίκτε
848 3751 1005 3826 Πελασγός.

314 3841 340 3904 4)
359 3835 399 3892 cf.
417 3837 507 3908 Apoll.
526 3837 596 3893 Bibl.
615 3837 642 3891 II
661 3844 684 3905 1,
704 3844 726 3904 1,
746 3833 904 3905 5Ἡσιόδος
922 3841 951 3896 δὲ
974 3834 1028 3896 τὸν
1045 3835 1198 3913 Πελασγὸν
1215 3833 1383 3913 αὐτόχθονά

229 3938 314 3993 φησιν
331 3917 411 3980 εἶναι.
1335 3935 1338 3942 ’

315 4009 341 4072 5)
358 4006 455 4062 Verbis
473 4011 535 4062 ntor
553 4006 658 4075 Hygini.
