2988 4728
493 312 536 368 De
554 311 681 368 Callistus
699 311 802 368 fabula.
1164 317 1225 376 317

78 480 125 549 δτι
146 477 244 569 δρνεα
267 481 302 550 ἐκ
322 485 484 569 γυναικῶν
508 481 656 569 ἐγένοντό
679 507 768 562 τινες
782 472 803 570 ἢ
819 483 939 572 δένδρα
961 475 981 574 ἢ
1002 492 1151 576 θηρία,
1167 489 1228 577 τὴν

74 575 245 673 Ἀηδόναῆ
259 584 320 674 τὴν
335 584 478 674 Δάφνην
499 574 521 672 ἢ
542 584 603 672 τὴν
617 587 677 650 τοῦ
698 579 919 665 Λυκάονος
940 592 1171 676 θυγατέρα,
1195 599 1228 659 et

77 687 121 754 De
132 688 202 755 salt.
216 691 255 752 47
266 690 444 773 (=p.296)
459 685 567 772 πολλὴ
585 686 691 753 δὲκαὶ
707 682 726 775 ἡ
745 680 820 753 κατ’
835 680 1016 774 Ἀρκαδίαν
1027 692 1227 778 μυθολογία,

77 787 210 878 Δάφνης
231 787 334 878 φυγή,
357 789 624 866 Καλλιστοῦς
644 793 859 876 θηρίωσις
883 792 971 874 κτλ.,·
996 800 1164 878 praeterea
1185 795 1227 863 ab

77 892 273 955 Artemidoro
288 891 352 956 XII
370 895 408 954 12
430 911 462 976 p.
482 895 540 956 103
557 890 608 957 ed.
624 891 740 958 Heroh.
757 884 899 979 ’Ἀρκτος
912 907 1050 979 γυναῖκα
1073 899 1228 984 σημαίνει

78 995 166 1078 [φασὶ
181 991 245 1078 γὰρ
267 991 309 1058 ἐκ
323 993 590 1069 Καλλιστοῦς
610 994 682 1079 τῆς
699 985 948 1083 Ἀρκαδικῆς
969 998 1228 1081 μεταβαλεῖν

76 1092 115 1159 τδ
139 1093 157 1174 ζ
162 1119 188 1181 ην
198 1119 243 1161 ον
265 1094 298 1160 oi
320 1096 398 1180 περὶ
421 1093 714 1181 μεταμορφωοεων
736 1096 1051 1184 μυθολογησαντες).
1088 1101 1228 1168 Possunt

76 1195 130 1262 huc
151 1195 221 1276 (sed
237 1196 350 1263 eodem
371 1197 439 1264 iure
457 1196 500 1262 ad
521 1196 657 1264 formam
672 1197 845 1277 Eratosth.)
868 1199 1012 1267 revocari
1027 1200 1125 1267 etiam
1141 1219 1225 1283 quae

75 1297 399 1382 inRecognitionibus
416 1295 622 1374 Clementini,
646 1319 727 1384 quas
748 1299 881 1369 Rufinus
903 1301 937 1367 in
952 1301 1102 1368 Latinum
1125 1307 1225 1368 trans-

76 1401 149 1484 tulit,
173 1403 303 1467 exstant
324 1399 371 1464 IX
393 1401 450 1464 26:
475 1392 624 1468 ‘Callisto
651 1402 686 1468 in
708 1402 812 1488 sidus,
836 1404 923 1486 quod
944 1405 1063 1472 Arcton
1092 1396 1221 1471 vocant’

76 1500 128 1583 (sc.
150 1502 262 1568 dicunt
284 1499 496 1582 conversam).
603 1526 606 1532 ·

153 1601 380 1670 Callimacheis
412 1601 602 1670 auctoritate
634 1605 751 1671 cedunt
784 1613 964 1674 commenta
995 1605 1227 1691 Eratosthenis,

76 1723 252 1788 quanquam
267 1706 404 1773 obscura
418 1724 458 1771 ne
473 1703 554 1771 haec
569 1704 699 1787 quidem
710 1713 904 1790 manserunt,
918 1707 977 1774 sed
988 1707 1075 1792 apud
1087 1707 1228 1775 Graecos

76 1825 197 1890 quoque
219 1806 262 1873 ad
284 1807 395 1873 infima
416 1805 616 1887 antiquitatis
641 1811 787 1891 tempora
808 1827 910 1890 usque
932 1809 1116 1892 valuerunt,
1140 1815 1174 1875 at
1194 1809 1228 1876 in

76 1909 237 1994 vulgarem
252 1908 398 1976 notitiam
413 1925 570 1989 usumque
584 1907 733 1975 videntur
746 1929 810 1975 non
824 1914 1021 1995 penetrasse,
1043 1910 1102 1976 sed
1125 1911 1229 1992 magis

76 2009 105 2075 in
127 2011 420 2078 catasterismorum
442 2009 577 2094 syllogis
598 2010 740 2078 latuisse.

23 2151 24 2160 ν
154 2113 230 2179 Tali
252 2131 270 2178 e
292 2109 454 2196 syllega1)
481 2111 632 2175 Tattenos
651 2113 685 2178 in
707 2116 787 2179 orat.
809 2111 853 2180 ad
875 2111 1052 2180 Graecast)
1074 2135 1106 2198 p.
1123 2118 1163 2177 42
1180 2113 1231 2182 ed.

75 2210 177 2282 otton.
193 2214 274 2281 haec
287 2213 418 2298 petivit:
439 2211 527 2279 κῦων
547 2208 564 2279 δ
581 2215 641 2299 τη”ς
658 2205 832 2300 Ἠριγόνης
854 2211 889 2279 έν
912 2206 1043 2301 οῦρανῴ
1065 2213 1231 2282 δείκνυται

74 2317 124 2382 καὶ
140 2319 309 2399 Σκορντίος
332 2310 349 2380 δ
373 2317 433 2401 τῆς
450 2307 649 2400 Ἀρτέμιδος
666 2313 798 2402 βοηθὸς
819 2317 875 2381 καὶ
891 2320 1025 2402 Χείρων
1048 2312 1065 2383 δ
1083 2320 1231 2383 Κένταυ-

75 2440 125 2501 ρος
148 2417 205 2482 καὶ
228 2411 247 2504 ἡ
271 2410 436 2500 ἡμίτομος
454 2409 562 2500 ’Λργώ
585 2417 642 2481 καὶ
663 2411 683 2500 ἡ
708 2415 970 2493 Καλλιστοῦς
993 2412 1150 2503 ἄρκτος.
1188 2421 1232 2483 At

74 2518 166 2603 ipsos
195 2515 276 2583 adiit
304 2516 550 2584 catasten’smos
578 2516 875 2600 Eratosthenicos2)
906 2516 1119 2587 Homiliarum
1148 2537 1231 2601 quae

77 2619 224 2685 Clementi
236 2618 417 2686 tribuuntur
432 2618 576 2704 scriptor,
599 2619 654 2701 qui
669 2619 697 2684 V
716 2624 753 2683 17
769 2619 851 2685 haec
865 2619 979 2688 habet:
1002 2618 1154 2706 Λόγιοαι
1168 2619 1231 2706 γάρ

75 2747 137 2803 μοι,
161 2720 275 2798 πόσας
298 2713 489 2806 ἠμείψαντο
518 2719 701 2806 ἐρωμένας,
730 2713 777 2787 ὦν
803 2718 866 2799 τὰς
893 2722 953 2806 μὲν
981 2725 1231 2810 κατηστέρισαν,

76 2827 171 2890 τινῶν
187 2823 294 2889 δὲκαὶ
310 2823 408 2890 τέκνα
422 2825 480 2889 καὶ
492 2821 667 2908 συνεργοῦς
679 2815 909 2912 εὐεργέτησαν·
927 2817 1045 2891 αῦτίκα
1059 2827 1136 2910 γοῦν
1148 2822 1233 2900 Ζεῦς

76 2929 307 3012 κατηστέρισεν
330 2923 567 3005 Καλλιστώ,
590 2923 650 3010 τὴν
665 2926 843 3011 λεγομένην
858 2919 977 3009 ι’ίρκτον
992 2924 1112 3009 μικράν
1127 2927 1170 3008 (l),
1192 2923 1232 3010 ἣν

77 3029 129 3092 καὶ
151 3025 354 3114 κονόσουραν
376 3024 685 3111 προσαγορεύουσίν
707 3048 805 3100 τινες.
827 3060 869 3070 -
891 3061 933 3071 -
956 3023 1114 3110 έντοίηοεν
1138 3018 1231 3090 ἆοτέ-

78 3151 197 3212 ρας-
212 3165 254 3175 -
275 3130 332 3194 καὶ
350 3120 525 3211 Ἀρκάδα
547 3123 616 3191 διὰ
639 3126 918 3201 Καλλιστοῦς.

158 3231 246 3298 Inter
272 3235 386 3317 poetas
408 3228 630 3295 Eratosthenis
655 3227 787 3295 inventa
808 3225 943 3289 Nomos
970 3225 1138 3310 amplexus
1167 3231 1231 3293 est:

79 3337 302 3399 commemorat
330 3337 439 3398 autem
467 3351 532 3399 non
560 3331 664 3397 solum
693 3327 844 3395 Callistus
869 3326 1069 3411 Arcadisque
1097 3331 1231 3394 cataste-

78 3432 197 3516 rismos,
219 3432 391 3501 sedetiam
413 3432 544 3517 fraudis
567 3452 632 3516 qua
653 3430 796 3517 Iuppiter
810 3450 886 3497 usus
908 3429 960 3514 sit,
983 3430 1082 3497 semel
1103 3429 1230 3497 iterum-

79 3531 1232 3620 quememinitacsignificathllistoaDianamutatam(cf.XXXV171):

162 3809 188 3872 1)
205 3804 247 3859 Cf.
259 3803 437 3860 Wilamouitz
454 3803 484 3859 in
501 3803 681 3860 (tommentnr.
699 3804 839 3872 grammat.
853 3801 881 3856 11
898 3801 957 3857 Iud.
976 3800 1060 3856 schol.
1079 3799 1230 3870 Gryphisu.

82 3893 185 3959 1880l81
205 3889 354 3960 praemisso
372 3907 400 3960 p.
416 3893 456 3944 16.
492 3890 530 3943 At
545 3888 639 3945 Mases
655 3889 685 3944 in
695 3889 775 3943 Anal.
788 3887 865 3942 Erat.
884 3903 912 3956 p.
925 3890 958 3940 54
975 3887 1021 3940 hie
1038 3898 1146 3954 quoque
1162 3885 1232 3938 Ara·

81 3977 148 4030 teum
167 3991 246 4031 suum
264 3975 486 4030 commentarium
504 3974 638 4030 detexisse
655 3973 708 4028 sibi
724 3973 838 4028 vidctm.

162 4064 187 4124 2)
207 4058 248 4115 cl.
267 4058 446 4116 Wilam0wltz
462 4059 481 4112 1.
499 4058 518 4113 1.
