2988 4728
544 359 586 415 De
604 357 732 416 Callistus
749 357 851 414 fabrile.

270 535 384 617 Δίκτῳ
407 529 441 596 έν
464 523 591 612 εύιύδει,
615 524 712 617 ὄρεος
735 528 852 612 σχεδὸν
871 520 1019 607 Ἰδαίοιο,

274 627 383 720 ἄντρῳ
406 630 624 718 ἐγκατέθεντο
646 633 702 697 καὶ
726 630 865 719 έτρεφον
889 629 938 708 εἰς
961 627 1122 711 ἐνιαυτόν,

272 739 430 801 Δικταῖοι
452 733 621 821 Κούρητες
645 725 700 800 δ’τε
723 731 854 816 Κρόνον
877 731 1071 818 ἐψεύδοντο.
1132 731 1134 736 ’

270 838 326 902 καὶ
349 835 409 924 τὴν
430 836 490 920 μὲν
513 834 728 922 Κυνόσουραν
751 833 928 922 ἐπίκλησιν
950 835 1135 913 καλέουσιν,

274 937 334 1026 τὴν
358 932 391 1004 δ’
417 937 530 1025 ἑτέρην
553 931 679 1023 Ἑλίκην
690 935 725 1018 ¹).

118 1059 172 1126 Ab
193 1059 294 1125 Arato
317 1064 425 1125 autem
447 1075 608 1139 nunquam
639 1056 776 1124 discedit
803 1056 920 1124 nobilis
944 1055 1134 1123 Callimachi
1164 1054 1276 1122 adver-

119 1161 242 1244 sarius,
266 1159 454 1244 Apollonius
476 1157 636 1231 Rhodios,
668 1158 723 1240 qui
748 1157 862 1226 sideris
884 1158 1077 1224 mentionem
1100 1163 1148 1222 ter
1167 1156 1278 1222 iniecit

117 1263 152 1329 in
177 1261 417 1344 Argonauticis:

219 1382 331 1448 11360
355 1379 426 1446 ἔστι
447 1379 483 1444 δέ
497 1403 549 1456 τις
565 1373 645 1467 ἄκρη
666 1373 824 1466 Ἑλίκης
846 1383 1056 1446 κατεναντίον
1081 1373 1277 1464 dourenc.

205 1483 254 1548 111
268 1486 330 1547 745
342 1500 390 1564 sq.
414 1483 565 1548 ναυτίλοι
588 1480 636 1559 εἰς
661 1479 787 1568 Ἑλίκην
815 1505 852 1546 τε
879 1483 936 1548 καὶ
960 1473 1102 1565 ἀστέρας
1120 1473 1279 1566 Ὠρίωνος

411 1582 548 1668 ἔδρακον
572 1581 606 1648 έκ
627 1585 725 1670 νηῶν.

253 1688 332 1751 1195
345 1704 392 1767 sq.
409 1723 450 1731 —
473 1683 549 1750 ένιεί
577 1681 611 1770 ῥ’
632 1679 758 1772 Ἑλίκης
787 1676 963 1771 εὐφεγγέος
991 1675 1127 1770 ἀστέρες
1158 1677 1278 1766 ἄρκτου

416 1785 559 1852 inituro.

666 1890 772 2017 so

209 2075 275 2143 Sed
301 2076 496 2158 Theocritus,
519 2082 689 2160 postquam
711 2075 744 2140 in
767 2074 865 2159 epicis

220 2178 316 2243 XXII
333 2182 370 2242 21
397 2174 431 2242 ἐκ
454 2169 486 2242 δ’
514 2169 629 2262 δι’ρκτσι
651 2170 683 2240 τ)
710 2174 882 2264 ἐφάνησαν

165 2283 197 2346 θλ
209 2280 319 2346 XXIV
332 2286 368 2343 11
379 2298 426 2361 sq.
440 2263 524 2360 ύμος
536 2277 572 2342 δὲ
584 2281 765 2365 στρέφεται
782 2277 997 2360 μεσονύκτιον
1009 2274 1041 2354 ἒς
1054 2275 1148 2342 δύσιν
1160 2269 1280 2363 δι’ρκτος

344 2413 346 2418 v
440 2372 583 2463 Ὠρίωνα
605 2371 680 2442 κατ’
708 2371 845 2461 adsim)

119 2516 214 2566 more
228 2495 369 2580 priorum
385 2496 510 2578 signum
527 2496 696 2583 usurpavit
710 2533 752 2543 -
766 2515 841 2561 nam
857 2495 917 2560 VH
935 2499 994 2560 112
1016 2493 1154 2580 ἐγγύθεν
1170 2488 1279 2580 ipanus

121 2601 165 2666 de
180 2597 280 2682 plaga
294 2597 539 2681 septentrionali
555 2598 675 2666 dictum
689 2604 857 2684 praetereo
872 2633 924 2683 -,
939 2598 1005 2664 iam
1016 2596 1168 2664 Callistus
1183 2596 1280 2681 signi-

123 2754 330 2765 ..-..---

211 2838 235 2899 1)
253 2833 328 2887 Haec
346 2832 455 2887 nomina
471 2848 520 2902 per
537 2839 623 2889 totum
640 2848 749 2888 carmen
765 2838 840 2888 tenet
851 2847 902 2888 nec
914 2833 1020 2888 videtur
1031 2831 1112 2887 aliam
1129 2832 1181 2887 nisi
1199 2846 1281 2900 qnam

121 2918 237 2988 protulit
253 2916 505 2987 interpretationem
529 2919 663 2986 cognitam
680 2918 816 2973 habuisse.
852 2919 926 2986 Quae
948 2919 976 2971 in
994 2917 1080 2972 schol.
1100 2916 1215 2971 Theocr.
1234 2931 1281 2971 co·

2 3047 3 3056 ,
122 3003 192 3057 dicis
209 3001 334 3056 Ambrcs.
352 3001 367 3054 l
386 3005 434 3056 123
453 3001 486 3056 de
504 3001 615 3058 Callisto
634 3003 727 3057 addita
744 3007 809 3056 sunt
825 2996 860 3072 ἣν
877 3003 928 3058 καί
945 3019 1030 3072 φησιν
1044 2996 1165 3072 ’Ἄρατος
1182 2998 1214 3055 έν
1231 2993 1281 3065 [δ’]

123 3080 240 3162 οὐρανῷ
262 3086 444 3156 ἐστηρίχθαι,
467 3085 506 3139 eis
530 3085 597 3140 fides
620 3102 676 3141 non
700 3090 742 3139 cst
763 3085 897 3141 habenda.
939 3083 1035 3151 Neque
1057 3083 1128 3138 enim
1152 3083 1281 3138 credibile

122 3171 298 3226 scholiastam
316 3169 391 3224 aliud
404 3183 513 3224 carmen
524 3170 553 3223 in
565 3171 654 3225 animo
666 3170 795 3225 habuisse
807 3169 861 3224 nisi
872 3168 1077 3236 Phaenomena3
1094 3167 1123 3221 in
1134 3166 1177 3221 his
1189 3172 1281 3222 autem

123 3255 252 3311 Callistus
264 3269 314 3309 nec
332 3254 394 3308 vola
410 3269 462 3308 nec
480 3255 628 3324 vestigium.
660 3255 756 3311 Ortum
773 3254 918 3310 uerborum
934 3253 1006 3307 hunc
1019 3265 1079 3306 esse
1097 3251 1232 3319 existimo,
1250 3257 1282 3307 ut

122 3341 303 3410 nescioquis,
323 3340 618 3396 cumlectoCallistus
639 3341 747 3396 nomine
770 3339 948 3402 meminisset,
973 3351 1042 3406 quae
1064 3337 1144 3406 vulgo
1166 3336 1200 3392 de
1222 3338 1281 3393 eius

124 3426 200 3480 exitu
211 3424 358 3492 ferrentur,
375 3426 538 3480 mentionem
551 3426 729 3480 catasterisrni
740 3424 879 3493 adiecerit,
896 3425 1012 3477 Aratum
1023 3425 1114 3478 autern
1132 3423 1282 3477 laudaverit

123 3510 183 3565 eins
201 3515 306 3576 testem,
325 3511 388 3578 quia
405 3511 450 3566 hic
462 3510 550 3566 Ursae
561 3511 667 3579 signum
679 3509 867 3579 descripserat,
885 3507 983 3563 Ursam
995 3512 1085 3562 antem
1098 3506 1209 3562 Callisto
1221 3522 1282 3562 csse

122 3593 324 3665 posterioribus
343 3596 502 3664 constabat3
520 3611 575 3664 qua
592 3595 626 3650 de
643 3610 728 3651 causa
738 3609 855 3664 pronum
872 3594 931 3647 erat
949 3596 1090 3660 ammone
1108 3591 1281 3659 confundere,

122 3684 155 3735 nt
172 3677 304 3735 confusae
316 3682 381 3734 sunt
392 3679 474 3734 etiam
492 3679 725 3746 crecentioribus,
742 3678 817 3735 velut
834 3675 1027 3733 aSchneidero
1045 3676 1074 3731 in
1087 3675 1241 3731 Callimach.
1255 3676 1282 3730 11

121 3780 150 3834 p.
164 3768 224 3830 574,
242 3764 277 3818 de
294 3779 347 3833 quo
364 3763 424 3821 vide
441 3765 513 3820 inira
530 3768 567 3834 (p.
581 3767 632 3818 302
650 3764 713 3820 adn.
729 3768 764 3831 3).
904 3764 907 3769 '

210 3853 237 3917 2)
261 3848 302 3904 cf.
325 3848 403 3904 Anat.
427 3850 529 3904 Phaen.
555 3854 585 3903 51
612 3843 682 3922 oripi]
705 3844 765 3923 πὰρ
789 3840 918 3920 κεφαλήν
940 3841 1074 3915 Ἑλίκης
1098 3837 1281 3903 ἀποπαύεται

123 3953 263 4006 αρκτου.
792 3944 797 3952 ·

211 4022 237 4085 3)
254 4018 326 4072 Ante
344 4017 438 4073 oculos
455 4021 538 4086 poeta
555 4017 651 4073 habuit
665 4018 839 4074 Homericum
856 4015 923 4071 illud

329 4091 348 4172 ἥ
364 4094 393 4159 τ’
412 4097 501 4159 αὐτοῦ
518 4102 672 4176 στρέφεται
689 4104 740 4160 καί
758 4095 787 4160 τ’
805 4095 929 4175 Ὠρίωνα
948 4093 1065 4157 δοκεύει.
