2958 4734
239 251 302 310 278
677 248 845 305 Reiuholdus
862 248 951 304 Franz

240 424 337 508 phum
349 423 505 507 Steropen
520 421 813 506 repraesentabant,
829 420 943 489 eadem
958 429 1069 489 omnes
1085 426 1201 502 aetate.
1236 426 1400 508 Tegeata-

240 545 308 590 rum
329 545 406 591 vero
429 522 610 608 exemplum
635 529 756 606 monet,
781 522 889 590 Weilii
910 523 1112 590 coniecturae
1141 545 1181 592 ne
1203 525 1300 593 nimis
1322 547 1399 595 con·

239 623 383 692 fidamus.
428 626 466 691 ln
488 623 641 708 Tegeatis
664 624 749 690 enim
771 624 852 692 haec
875 624 998 709 deficit,
1028 625 1147 709 quippe
1177 627 1232 708 qui
1254 628 1399 698 foederis

239 735 345 811 partes
368 732 477 793 tenere
499 727 775 810 perseveraverint
797 730 828 793 et
856 731 964 794 mmen
986 725 1029 792 ad
1050 747 1197 794 nummus
1219 728 1399 814 signandos

237 828 399 914 propriam
421 826 626 894 adhibuerint
655 827 807 894 fabulam.
852 826 970 894 Deficit
991 828 1090 894 etiam
1111 829 1145 895 in
1167 829 1278 914 tertio,
1308 832 1399 913 quod

238 929 431 996 ellallistus
461 929 571 1014 fabula
592 929 725 1013 petitum
753 936 818 1010 est,
846 928 938 1012 signo
951 929 984 1012 ¹).
1028 930 1208 1014 Descripsit
1231 932 1317 998 enim
1340 933 1398 999 de-

238 1031 434 1113 lineavitque
456 1030 594 1097 Gomnos
617 1029 756 1114 (Revue
770 1022 925 1097 numism?
949 1033 1028 1095 1865
1051 1051 1083 1115 p.
1103 1037 1158 1096 161
1172 1050 1220 1114 sq.
1244 1037 1267 1099 i.
1284 1033 1345 1100 Vll
1360 1034 1397 1117 5)

237 1151 400 1198 nummum
421 1139 617 1217 argenteum,
641 1131 730 1199 cuius
752 1131 786 1198 in
800 1138 892 1217 parte
910 1131 1048 1199 adversa
1069 1132 1152 1199 inter
1173 1134 1298 1200 litteras
1313 1137 1397 1200 P-A

237 1233 271 1316 (i.
281 1233 566 1318 eAPKAAilN)
575 1235 761 1303 dextrorsus
772 1239 922 1318 spectans
930 1233 1017 1301 lovis
1025 1237 1397 1320 caputapparetlaurea-

237 1341 314 1419 tum,
326 1336 359 1410 in
370 1357 486 1404 aversa
497 1356 575 1420 puer
586 1336 699 1420 nudus,
715 1335 803 1401 humi
817 1334 943 1420 sedens,
955 1333 1069 1401 dextra
1080 1335 1199 1417 folium,
1211 1343 1246 1402 ut
1257 1337 1395 1422 videtur,

237 1445 358 1519 tenens,
380 1437 508 1503 sinistra
530 1438 563 1502 in
585 1441 704 1503 terram
725 1436 870 1521 innixus;
894 1437 1108 1522 subscriptum
1123 1442 1172 1503 est
1185 1439 1363 1505 ΑΡΚΑΣ.

323 1538 389 1605 Sed
419 1555 545 1620 quoquo
569 1537 700 1604 consilio
723 1537 874 1605 Callistus
896 1539 1008 1606 fabula
1035 1559 1055 1605 a
1083 1539 1217 1622 singulis
1245 1539 1396 1608 adhibita

238 1646 296 1722 est,
318 1637 353 1705 id
375 1646 495 1705 certum
519 1640 653 1723 videtur,
676 1640 822 1707 omnibus
844 1640 909 1708 illis
931 1640 1041 1724 signis,
1067 1645 1178 1724 utpote
1203 1659 1287 1723 quae
1310 1643 1414 1710 eius·

239 1740 311 1807 dem
326 1741 390 1807 sint
403 1741 542 1824 regionis
565 1749 598 1808 et
612 1740 755 1809 eiusdem
776 1741 938 1827 temporis,
962 1742 1097 1808 eandem
1114 1743 1247 1810 subesse
1261 1745 1395 1813 tabulae

237 1844 381 1909 formam.
426 1845 494 1910 lam
522 1844 619 1926 igitur
640 1848 726 1911 certo
756 1843 981 1929 comperimus,
1012 1843 1089 1924 quid
1111 1843 1144 1908 in
1167 1843 1239 1927 ipsa
1260 1846 1394 1913 tabulae

237 1945 351 2030 patria,
374 1965 445 2012 cum
468 1945 678 2028 Megalopolis
706 1945 911 2025 conderetur,
942 1944 982 2010 de
1005 1943 1138 2011 Callisto
1161 1945 1203 2011 sit
1224 1946 1392 2031 creditum,

238 2045 334 2112 modo
358 2051 481 2113 constet
503 2046 544 2114 de
565 2045 930 2130 interpretatione.

322 2148 600 2230 lmhoof-Blumer,
619 2142 737 2214 ‘Mona
753 2142 810 2228 gr?
827 2167 857 2230 p.
875 2149 934 2210 201
959 2145 1052 2228 signa
1074 2144 1117 2213 ad
1139 2148 1320 2216 Pausaniae
1344 2169 1393 2215 re·

238 2248 367 2316 vocavit
380 2249 605 2333 narrationem,
621 2269 670 2316 ex
687 2267 751 2331 qua
766 2247 898 2314 Callisto
919 2247 1076 2315 alunone
1097 2247 1131 2313 iu
1146 2267 1252 2315 ursam
1268 2255 1394 2318 mutata

238 2371 258 2416 a
286 2350 392 2417 Diana
421 2350 600 2436 conficitur,
634 2351 738 2416 inians
766 2367 786 2413 a
815 2349 969 2416 Mercurio
1003 2349 1044 2415 ab
1072 2349 1202 2416 interitu
1235 2357 1391 2435 servatur,

237 2471 420 2535 quanquam
442 2453 475 2518 iu
497 2453 634 2520 nummis
657 2452 790 2519 Callisto
812 2451 969 2534 integram
992 2451 1092 2518 habet
1116 2451 1257 2534 speciem
1280 2451 1391 2519 huma-

237 2572 320 2620 nam.
364 2555 414 2619 lta
443 2555 527 2621 enim
556 2559 795 2636 argumentatus
831 2559 892 2619 est:
923 2546 988 2618 ‘On
1017 2551 1081 2618 salt
1114 2552 1260 2618 oombien
1288 2554 1313 2619 il
1342 2559 1390 2621 re-

237 2653 372 2740 pugnait
393 2659 414 2720 a
435 2653 507 2719 l'art
528 2653 659 2733 antique
682 2653 723 2719 de
746 2656 944 2736 representer
967 2653 1024 2720 des
1040 2654 1316 2739 metamorphoses
1339 2677 1390 2722 ac·

237 2755 408 2841 complies,
438 2759 470 2820 et
500 2755 594 2836 qu’on
623 2772 659 2819 se
687 2753 862 2822 contentait
889 2757 1126 2837 generatement
1154 2755 1335 2840 d'indiquer
1360 2757 1392 2824 le

237 2858 448 2942 changement
470 2854 561 2922 d'une
582 2852 683 2938 figure
706 2854 855 2921 homnine
877 2877 917 2923 en
938 2857 1058 2922 animal
1080 2877 1139 2941 par
1159 2857 1328 2925 l'addition
1350 2858 1391 2926 de

237 2961 375 3043 quelque
397 2957 478 3044 petit
500 2957 633 3024 attribut
656 2993 705 3022 -.
746 2954 785 3021 'Si
808 2978 850 3023 un
872 2957 964 3041 signe
993 2960 1253 3040 caracteristique
1281 2959 1323 3027 de
1354 2982 1391 3028 ce

236 3081 333 3145 genre
354 3060 414 3127 fait
440 3060 551 3128 defaut
579 3059 774 3142 aKallisto,
803 3058 881 3126 c'est
905 3078 981 3125 sans
1010 3058 1107 3127 doute
1135 3063 1342 3143 uniquement
1371 3067 1392 3128 a

237 3184 333 3231 cause
356 3162 396 3229 de
418 3161 451 3226 la
474 3159 628 3228 diificulte
651 3160 692 3227 de
713 3168 843 3228 trouver
864 3181 907 3227 un
930 3180 1055 3243 moyen,
1079 3160 1157 3227 clair
1180 3170 1212 3228 et
1234 3165 1391 3248 simplet

236 3267 270 3331 la
290 3263 361 3346 fois,
384 3263 425 3330 de
447 3262 587 3344 signaler
603 3263 634 3328 le
649 3262 862 3344 changemeut
883 3280 937 3328 sur
953 3281 994 3327 un
1010 3282 1125 3345 espace
1139 3263 1226 3330 aussi
1241 3263 1390 3331 restreint

323 3481 347 3546 1)
364 3478 529 3535 Dubitanter
550 3479 587 3534 ad
605 3479 738 3534 Arcadem
755 3479 942 3549 Lycaonemve
963 3479 1064 3534 autad
1082 3479 1193 3535 Oalhsto
1216 3479 1299 3535 ctiam
1320 3482 1390 3538 alias

235 3565 264 3620 iu
285 3563 399 3618 nummis
422 3563 564 3619 Arundinis
587 3562 688 3631 figuras
705 3563 810 3618 rettulit
827 3563 913 3631 Percy
931 3563 1054 3619 Gardner
1071 3564 1100 3618 in
1118 3563 1189 3619 Mus.
1209 3564 1277 3620 Brit.
1297 3566 1389 3630 catal,

235 3649 327 3719 Pelop.
345 3664 372 3718 p.
388 3651 486 3717 185sq.
504 3647 542 3716 (in
558 3647 674 3702 nummis
692 3645 904 3701 Mantinensium
921 3660 978 3715 arg.
992 3653 1074 3718 caput
1087 3664 1148 3703 cum
1167 3648 1271 3704 casside
1289 3649 1390 3704 barba-

234 3737 292 3788 tum
310 3738 337 3788 et
354 3733 391 3798 [in
414 3734 493 3803 porte
514 3734 619 3800 aversa]
643 3735 725 3802 caput
746 3730 902 3800 nymphae),
927 3745 955 3800 p.
974 3736 1023 3785 190
1041 3732 1079 3799 (in
1101 3749 1126 3786 u.
1148 3733 1390 3788 Orchomeuiorum

235 3821 293 3873 adn.
312 3833 408 3874 rursus
427 3822 509 3887 caput
528 3831 588 3872 cum
606 3816 710 3872 casside
727 3815 872 3870 barbatum
884 3819 911 3870 et
928 3817 1003 3885 [inp.
1017 3822 1120 3881 aversa]
1138 3817 1223 3871 mum
1235 3821 1390 3882 matum),

234 3918 260 3972 p.
272 3907 317 3957 201
333 3904 407 3972 (iun.
418 3903 597 3972 Tegeatarum
605 3904 663 3956 aen.
674 3900 771 3955 iterum
781 3899 818 3965 [in
826 3915 854 3969 p.
864 3902 970 3968 aversa]
981 3901 1066 3956 uirum
1075 3905 1227 3967 armatum).
1254 3901 1296 3956 Cf.
1307 3900 1390 3956 etiam

113 3997 116 4006 ’
230 3981 357 4043 ‘Journal
374 3987 404 4042 ol
419 3987 490 4043 Hell.
510 3985 595 4042 Stud'
610 3989 675 4041 1886
693 4000 720 4054 p.
734 3989 776 4039 98.
