2958 4734
525 271 567 325 De
584 269 710 325 cnffiseus
726 270 829 326 fabula.
1189 275 1251 336 281

92 462 269 510 consensus
291 443 432 526 priorum
455 442 482 508 si
505 461 567 507 non
583 441 750 524 convincit,
773 447 914 508 attamen
931 447 1118 527 comprobat
1139 447 1172 513 in
1188 449 1251 516 hac

93 563 222 627 quoque
251 545 353 609 forma
375 543 508 610 Callisto
536 543 601 609 iam
630 542 799 625 gravidam
828 543 891 608 sibi
912 543 1037 608 Dianae
1066 545 1146 613 iram
1175 570 1249 615 con-

92 647 247 728 traxisse,
278 646 329 710 cui
350 644 528 712 sententiae
557 644 628 728 ipsa
649 664 754 709 rernm
785 641 929 710 condicio
958 645 1062 729 lavet,
1090 648 1250 728 siquidem

92 747 192 814 facile
209 746 322 813 credas
338 746 419 811 deae
442 745 511 812 eius
527 763 623 826 quam
645 762 752 811 secum
772 743 907 812 haberet
928 752 1046 813 statum
1061 769 1125 814 non
1146 769 1249 835 usque

92 849 135 916 ad
164 847 260 915 linem
290 848 438 929 latuisse,
468 849 578 913 favent
606 845 635 912 ei
658 845 755 912 etiam
776 846 876 912 verba
897 867 960 913 non
983 849 1087 915 minus
1110 870 1192 934 quae
1215 855 1248 918 in

93 949 286 1016 Oertamine·
300 955 429 1015 exstant
450 946 525 1013 ἐπεὶ
555 945 668 1035 δμήθη
691 946 786 1032 γάμῳ
810 967 905 1029 quam
936 968 1018 1031 quae
1040 951 1073 1016 in
1095 953 1179 1020 Bibl.
1194 952 1250 1020 dur

93 1050 154 1135 τὴν
184 1054 376 1133 παρθενίαν
405 1041 463 1114 οὖν
497 1042 669 1135 ἐφύλαξεν.
713 1049 905 1132 Repugnu1·e
937 1051 1085 1118 videntur·
1117 1057 1248 1139 nummi,
1277 1135 1279 1138 Ι

93 1172 166 1218 cum
194 1153 350 1217 infantem
378 1150 552 1216 exhibeant
584 1170 684 1235 prope
711 1156 846 1215 matrem
878 1150 1047 1217 iacentem.
1091 1155 1136 1220 At
1165 1159 1248 1223 enim

94 1261 204 1321 notum
230 1260 295 1335 est,
325 1271 421 1334 quam
442 1273 505 1318 non
528 1271 634 1317 rarum
656 1251 751 1316 sitin
774 1259 918 1317 veterum
939 1253 1087 1336 picturis,
1109 1263 1144 1321 ut
1166 1275 1248 1339 quae

93 1357 248 1440 deinceps
271 1357 358 1421 faeta
379 1359 452 1419 sunt
473 1371 537 1418 una
559 1353 659 1419 oculis
677 1351 880 1436 subiciantur,
903 1360 939 1419 ut
960 1359 1029 1419 tota
1046 1376 1087 1422 ex
1108 1356 1249 1440 imagine

93 1464 252 1542 appareat
273 1455 407 1522 historia
421 1455 453 1537 ¹).
499 1454 634 1522 Arcadis
657 1460 763 1520 autem
786 1452 889 1536 figura
910 1453 984 1523 ideo
1007 1476 1088 1540 opus
1110 1468 1190 1542 erat,
1213 1467 1249 1526 ut

94 1561 201 1640 simul,
226 1578 281 1625 cur
302 1559 423 1623 femina
444 1565 577 1624 mortem
601 1561 829 1642 perpeteretur,
852 1574 950 1620 causa
971 1565 1150 1641 appareret.
1185 1560 1247 1626 Ne·

95 1677 157 1741 que
179 1659 278 1743 igitur
300 1660 374 1725 licet
394 1660 428 1724 in
451 1658 512 1725 hac
529 1657 658 1739 quidem
681 1677 715 1722 re
738 1657 874 1722 nummis
897 1657 1073 1740 quidquam
1095 1663 1248 1727 momenti

94 1762 246 1827 tribuere.

179 1862 249 1927 Iam
274 1880 346 1927 cum
369 1861 436 1928 veri
458 1861 499 1928 sit
520 1860 717 1927 simillimum
739 1866 873 1925 matrem
895 1859 1039 1943 periisse,
1062 1861 1247 1944 priusquam

93 1962 199 2030 infans
221 1962 326 2028 lucem
348 1962 542 2047 aspexisset,
565 1981 644 2045 opus
667 1965 732 2041 est,
761 1971 796 2025 nt
823 1960 1005 2026 testimonia
1033 1962 1247 2045 suppleamus,

93 2083 256 2131 arcessere
287 2063 466 2130 Pausaniae
495 2064 595 2130 verba
616 2064 672 2128 καὶ
700 2057 717 2127 ὁ
742 2059 826 2137 Ζεὺς
845 2056 962 2149 Ἑρμῆν
985 2065 1116 2143 πέμπει
1141 2065 1250 2127 σώσαι

9 2213 10 2216 ¹
92 2163 150 2231 τὸν
173 2162 283 2231 παῖδά
306 2163 339 2229 οἱ
361 2162 564 2250 προστάξας,
587 2162 625 2230 ὃν
648 2161 682 2230 ἐν
702 2165 745 2250 τῇ
767 2147 886 2248 ναανρὶ
908 2159 992 2245 εἶχεν
1014 2158 1034 2251 ἡ
1057 2157 1247 2228 Καλλιστώ.

9 2259 10 2350 ζ
94 2265 192 2332 Talia
214 2266 298 2333 enim
313 2265 406 2332 huius
427 2267 618 2332 narrationis
634 2266 756 2332 auctori
776 2266 957 2332 necessario
979 2264 1132 2349 lingenda
1147 2273 1247 2331 erant.

9 2377 10 2384 ’
93 2367 186 2446 Quae
200 2373 312 2432 secuta
325 2366 397 2447 siut,
420 2366 568 2449 aperiunt
581 2365 816 2431 Pheneatarum
839 2364 1056 2447 didrachmae,
1079 2385 1151 2430 oum
1166 2367 1246 2431 Mer·

9 2493 10 2496 ¹
93 2469 218 2534 curium
247 2464 418 2532 ostendunt
445 2463 604 2531 Arcadem
636 2483 730 2529 cursu
758 2465 964 2530 auferentem.
1015 2465 1077 2543 Qui
1111 2485 1247 2546 quonam

9 2649 10 2656 ρ
94 2568 222 2652 tendat,
253 2567 418 2649 quaerenti
438 2565 612 2650 respondet
633 2564 782 2650 Apollod.
805 2566 860 2648 qui
881 2568 979 2632 fertur
1000 2565 1066 2633 bis:
1096 2563 1181 2642 Ζεὺς
1208 2563 1246 2630 τὸ

9 2661 10 2668 ¹
94 2673 221 2758 βρέφος
249 2662 406 2752 ἁρπάσας
436 2664 469 2732 ἒν
488 2659 651 2754 Ἀρκαδίᾳ
679 2665 817 2732 δίδωσιν
847 2659 1044 2754 ἀνατρέφειν
1067 2672 1185 2754 Μαίᾳ,
1215 2667 1249 2732 in

96 2771 212 2850 quibus
226 2770 314 2836 Iovis
331 2767 483 2835 mandata
497 2769 631 2850 exsequi
646 2769 880 2852 intellegendus
902 2776 951 2836 est
966 2770 1148 2836 Mercurius.
1178 2770 1247 2835 lam

97 2870 183 2936 Maia
213 2871 403 2938 credebatur
430 2870 593 2936 habitasse
622 2870 654 2935 in
684 2870 832 2954 Cyllene3
869 2870 1018 2952 Cyllenes
1045 2879 1153 2937 autem
1189 2873 1248 2936 sub

97 2971 256 3039 radicibus
278 2971 406 3037 iacebat
427 2971 584 3036 Pheneus.
621 2971 807 3036 Pheneatae
830 2989 906 3051 ergo
928 2971 1088 3053 propriam
1111 2971 1196 3035 hano
1217 2978 1250 3036 et

9 3085 10 3152 ᾗ
97 3068 305 3139 domesticum
335 3072 514 3136 habuerunt
536 3089 632 3150 quam
660 3069 694 3133 in
722 3069 859 3134 nummis
886 3087 1073 3150 expressere
1095 3069 1248 3150 tabulam,

97 3178 131 3236 ut
153 3173 305 3239 Callistus
328 3171 541 3239 Orchomenii.

181 3275 250 3340 Iam
272 3273 307 3339 in
330 3294 368 3341 eo
391 3280 449 3357 est,
472 3279 507 3338 ut
521 3272 697 3353 videamus,
720 3288 796 3334 num
818 3267 922 3351 ipsam
943 3268 1155 3335 narrationem
1177 3286 1249 3349 pro·

98 3391 215 3454 ponere
236 3375 346 3458 liceat;
370 3374 429 3443 sed
451 3375 546 3440 simul
568 3380 665 3454 atque
687 3369 730 3436 ad
753 3369 881 3452 singula
897 3369 1120 3436 constituenda
1141 3388 1247 3436 acces-

99 3475 210 3558 simus,
240 3476 273 3540 in
296 3475 437 3541 tenebris
460 3494 638 3555 versamur;
668 3491 728 3536 nee
750 3491 825 3555 spes
848 3477 896 3538 est
917 3477 973 3537 ant
993 3471 1049 3536 via
1074 3471 1155 3538 haee
1176 3490 1248 3556 pro·

102 3573 248 3640 habiliter
269 3575 497 3659 recuperandi,
527 3574 603 3656 quia
630 3574 720 3639 nulla
747 3573 840 3639 nobis
866 3573 990 3657 plenior
1013 3572 1105 3636 huius
1127 3571 1248 3636 formae

100 3678 237 3742 narratio
260 3677 421 3742 succurrit.
459 3676 572 3758 ltaque
595 3675 674 3739 satis
696 3673 873 3739 habeamus
894 3692 1025 3740 necesse
1049 3679 1097 3739 est
1118 3671 1249 3736 fabulae

108 3781 307 3798 w...

183 3828 206 3890 l)
225 3823 266 3877 De
284 3824 335 3878 bac
346 3823 466 3894 prolepsi
483 3823 518 3878 el.
532 3824 611 3879 Bolte
627 3823 693 3878 diss.
706 3824 739 3878 de
757 3837 873 3876 monum.
894 3821 929 3875 ad
941 3820 1037 3892 Odyss.
1056 3818 1154 3890 pertin.
1172 3835 1201 3888 p.
1215 3823 1247 3872 43

101 3917 123 3957 c.
140 3907 202 3962 adn.
222 3912 264 3962 ut.
306 3907 396 3962 Unum
417 3923 433 3962 e
454 3907 546 3962 multis
568 3910 610 3963 est
633 3907 784 3976 exemplum
805 3907 895 3973 Argus
918 3905 978 3960 Ioni
1000 3904 1105 3974 puellae
1129 3904 1250 3959 nondum

102 3993 216 4047 mutatae
233 3992 366 4056 adiectus,
384 3991 419 4046 cf.
438 3990 585 4058 Overheck,
603 3988 661 4047 ‘Gn
680 3985 864 4060 Kunstmyth.’
881 3990 909 4044 II
926 4006 954 4059 p.
967 3993 1015 4042 467
1026 4005 1067 4057 sq.

150 4085 267 4138 Leipziger
280 4083 381 4127 Studien.
396 4084 443 4126 llll.
1064 4078 1095 4128 19
