2988 4728
485 313 526 368 De
545 313 671 368 ballistas
688 312 790 367 fabula.
1155 314 1218 374 329

74 481 159 565 idem,
188 501 283 564 quem
305 483 425 567 Hygini
447 484 575 551 nomine
598 483 819 566 designamus,
848 483 881 548 in
904 487 1085 550 Astronom.
1117 487 1218 552 semel

74 591 160 666 atque
185 585 299 650 iterum
328 585 471 668 singulos
493 585 546 652 vel
577 584 669 651 binos
699 602 811 650 versus
836 583 952 650 attulit.
998 583 1064 650 Sed
1094 585 1218 652 aceedit

76 684 153 765 quod
167 705 250 751 nune
264 685 347 750 inter
368 682 489 749 iudices
505 685 714 768 peritissimos
730 690 854 751 constat
868 686 1030 752 Romanos
1046 685 1216 770 scriptores

72 787 107 850 ab
134 787 261 872 Hygino
288 804 445 867 nusquam
475 788 635 855 consultos
664 786 781 868 esse1).
832 786 925 865 Quod
959 786 987 853 si
1016 807 1127 854 verum
1157 792 1216 872 est,

74 888 216 972 sequitur,
232 894 268 954 ut
282 907 393 955 versus
409 888 450 954 ab
466 889 704 971 interpolatore,
720 889 771 955 eui
785 888 850 956 iam
866 909 887 955 a
901 888 1055 955 Mauricio
1070 889 1217 956 Schmidt

77 991 222 1076 assignati
244 996 329 1073 sunt,
350 988 484 1055 Fabulis
506 989 571 1055 sint
592 989 683 1055 illati.

146 1094 180 1158 ln
211 1092 516 1159 Astronomicis
543 1092 576 1156 in
606 1091 708 1158 Ursae
738 1091 867 1158 maioris
903 1092 1012 1177 titulo,
1043 1098 1213 1176 postquam

73 1192 215 1261 Callistus
242 1194 371 1261 fabulae
397 1193 445 1258 III
474 1192 596 1260 formae
624 1199 772 1260 narratae
809 1197 898 1276 sunt,
930 1193 1011 1260 haee
1039 1202 1214 1276 sequuntur

70 1295 171 1381 (p.31‚
189 1303 230 1363 14
253 1295 384 1377 Bunte):
440 1319 457 1350 ο

143 1393 228 1465 ‘Hoc
254 1398 396 1481 signum,
433 1403 469 1461 ut
491 1396 670 1480 complures
692 1395 842 1463 dixerunt
851 1394 894 1481 ²),
923 1415 987 1463 non
1009 1397 1134 1464 occidit.
1176 1398 1214 1464 ld

70 1499 150 1583 quii)
178 1500 291 1566 volunt
319 1498 430 1581 aliqua
451 1497 493 1564 de
515 1517 613 1564 eausa
639 1516 710 1566 esse
732 1498 910 1566 institutum
933 1504 1052 1583 negant
1074 1499 1212 1584 Tethyn,

71 1599 181 1668 Oceani
205 1620 348 1683 uxorem,
369 1598 405 1666 id
426 1600 577 1684 recipere,
600 1621 672 1668 eum
688 1590 812 1683 reliqua
835 1600 942 1667 sidera
964 1619 1002 1668 eo
1025 1598 1213 1684 perveniant

70 1700 97 1766 in
110 1723 267 1788 occasum,
289 1702 376 1784 quod
392 1701 515 1787 Tethys
531 1701 660 1768 lunonis
675 1701 716 1767 sit
730 1703 846 1783 nutrix,
863 1701 914 1769 cui
929 1701 1050 1769 (labate
1069 1719 1213 1768 succu-

69 1803 198 1873 buerit
220 1811 255 1871 ut
283 1804 409 1890 paelex.
432 1840 472 1848 -
496 1840 536 1850 -
562 1821 702 1885 -quae
730 1822 781 1870 res
810 1804 844 1869 in
872 1802 1051 1870 Nonacri
1079 1807 1214 1868 monte

69 1907 260 1975 Arcadiae
282 1913 374 1990 gesta
396 1905 632 1972 demonstratur
640 1897 685 1988 ti?

141 2011 233 2077 Haec
248 2029 319 2076 cum
335 2008 480 2074 versibus
495 2008 560 2074 illis
575 2005 774 2092 comparanti
788 2007 932 2090 protinus
952 2004 1123 2090 apparebit
1138 2004 1212 2070 illos

66 2111 100 2175 ab
112 2113 240 2198 Hygino
252 2110 359 2179 reddi:
374 2109 509 2190 redeunt
521 2110 604 2176 enim
617 2131 689 2178 cum
698 2109 873 2176 Nonacrini
884 2109 1000 2177 montis
1013 2105 1132 2173 mentio
1144 2111 1210 2172 tum

66 2212 230 2298 singularis
250 2214 316 2295 ille,
339 2213 380 2277 de
396 2230 458 2294 quo
482 2231 579 2297 supra
600 2212 678 2296 dixi,
701 2211 929 2280 succumbendi
946 2229 1031 2277 usus.
1068 2207 1162 2289 Quod
1183 2207 1212 2272 si

66 2313 204 2401 Hyginus
222 2315 317 2380 etiam
340 2315 373 2380 iu
388 2314 628 2397 Astronomicis,
651 2316 733 2380 sieut
747 2315 886 2381 Roberto
903 2313 949 2394 (in
964 2313 1051 2378 Erat.
1069 2311 1138 2376 (iat.
1153 2309 1211 2376 rel.

66 2435 89 2498 p.
103 2423 165 2484 232
178 2414 241 2497 sq.)
262 2415 366 2480 visum
389 2420 445 2494 est,
463 2414 532 2481 viro
547 2415 580 2479 in
595 2414 646 2480 his
661 2414 889 2496 versatissimo,
902 2409 1047 2481 ‘Latinos
1062 2417 1210 2478 auctores

66 2519 121 2588 lere
142 2508 313 2600 neglexit,
338 2517 379 2581 de
402 2517 631 2600 interpolatore
653 2517 705 2582 hic
727 2535 855 2600 quoque
878 2515 1083 2600 cogitandum
1108 2521 1166 2582 est.

141 2620 208 2689 Sed
230 2639 294 2686 non
309 2619 411 2685 solum
433 2617 467 2683 in
482 2618 603 2703 Hygini
616 2639 715 2705 opera
730 2637 841 2687 versus
864 2618 912 2684 illi
935 2617 1209 2700 invaserunt-sed

66 2723 152 2790 etiam
175 2725 215 2789 in
237 2720 380 2787 Ovidii
407 2721 560 2789 Metam.
583 2721 832 2806 argumentis
859 2721 997 2806 vestigia
1024 2741 1133 2789 eorum
1155 2719 1209 2786 de·

22 2855 23 2870 κ
65 2824 303 2905 prehenduntur.
339 2825 377 2888 ln
399 2824 449 2890 his
472 2824 556 2890 enim
571 2823 617 2909 (ΙΙ
632 2825 667 2907 5)
679 2825 824 2911 Iuppiter
844 2832 990 2892 narratur
1010 2823 1044 2889 in
1059 2822 1210 2890 Callistus

64 2943 196 2995 amorem
218 2925 378 3009 incidisse,
398 2919 483 2992 ‘oum
499 2927 873 2993 cireaNonacrinum
895 2931 1067 2991 montem
1088 2928 1208 2990 Arca-

64 3026 205 3098 diae-
222 3020 410 3112 vagaretur?
458 3028 548 3106 Quae
570 3048 610 3094 ex
631 3026 747 3093 Ovidio
771 3029 837 3111 peti
863 3047 927 3094 non
948 3029 1133 3110 potuerunt3
1157 3025 1209 3088 hie

141 3221 166 3283 1)
176 3215 219 3270 Gi.
230 3211 335 3268 Robert
346 3211 462 3266 inurar.
473 3211 532 3265 Cat.
542 3211 591 3264 rel.
603 3226 629 3280 p.
641 3213 690 3263 235
701 3214 729 3264 et
741 3209 862 3279 inprimis
872 3207 1050 3263 Wilamowita
1059 3207 1088 3260 in
1097 3207 1207 3274 Quaest.

62 3299 147 3363 philol.
165 3299 206 3354 IX
224 3316 251 3368 p.
270 3302 302 3352 49
320 3298 399 3363 adn,
423 3295 470 3350 ubi
488 3296 522 3350 de
544 3295 595 3349 hae
619 3309 649 3349 re
672 3297 752 3364 plura
775 3295 908 3360 invenies,
930 3294 959 3348 in
981 3307 1095 3360 quorum
1119 3293 1208 3360 eapite

22 3451 23 3454 Ἴ
63 3384 143 3448 posita
160 3387 227 3441 sunt
242 3383 325 3438 verba
338 3375 425 3437 ‘Alles
443 3380 587 3435 Rbmisehe
604 3379 641 3434 ist
658 3379 853 3449 Interpolatiou
870 3378 907 3432 im
924 3370 1031 3448 Hygiu.'

22 3467 23 3512 ἶ
141 3475 167 3537 2)
182 3460 300 3524 ‘dixere'
318 3467 422 3532 Bunte,
446 3471 476 3520 at
489 3458 639 3520 ‘dixerunt'
657 3465 759 3520 habeut
780 3464 842 3521 libri
859 3463 969 3535 optimi,
992 3462 1026 3518 ef.
1045 3462 1162 3518 Bursian
1179 3463 1207 3518 in

22 3585 23 3588 η
62 3551 116 3609 hot.
134 3554 211 3610 acad.
230 3553 338 3608 Monac.
359 3555 424 3606 1876
442 3567 469 3620 p.
490 3556 530 3606 10.

22 3647 23 3678 r
139 3645 165 3705 3)
178 3633 219 3693 ‘id
237 3630 297 3708 qui'
315 3638 377 3693 dedi
395 3652 429 3692 ex
445 3636 572 3691 Burrieni
590 3635 755 3692 coniectura.
790 3635 916 3692 Codices:
931 3628 974 3689 ‘ut
990 3637 1037 3703 (at,
1056 3640 1092 3701 et)
1110 3630 1174 3705 qui'

139 3730 166 3790 4)
177 3724 307 3779 Extrema
318 3723 453 3778 sententia
469 3721 542 3791 apud
554 3721 688 3792 Hyginum
705 3722 733 3776 in
745 3721 798 3776 fine
814 3722 897 3776 totius
909 3720 1007 3789 eapitis
1023 3726 1059 3790 (p.
1074 3726 1114 3788 31,
1125 3726 1154 3774 21
1164 3722 1206 3788 B.)

63 3807 143 3870 posita
161 3825 193 3864 eu
211 3807 325 3877 exeipit,
344 3823 414 3877 quae
431 3807 578 3862 Ariaethus
596 3807 629 3862 de
646 3807 758 3863 callisto
776 3807 935 3876 protulerat.
971 3806 1038 3860 Cum
1055 3805 1098 3860 his
1116 3808 1206 3861 autem

63 3889 128 3947 ruho
145 3893 225 3950 modo
245 3894 384 3948 cohaeret:
403 3895 500 3949 eonha
517 3908 570 3961 quo
588 3907 648 3947 eam
664 3893 796 3958 revocari,
813 3905 901 3961 neque
912 3890 1024 3946 offendit
1034 3894 1063 3945 et
1079 3890 1118 3944 eis
1137 3906 1206 3959 quae

63 3978 218 4034 anueedunt
236 3978 369 4034 convenit.
405 3977 563 4046 serupulus,
581 3978 666 4047 siqui
683 3977 794 4043 residat,
813 3978 907 4043 omnis,
926 3975 1015 4039 eredo,
1033 3974 1163 4030 eximetur
1181 3977 1205 4028 ei

63 4061 102 4124 qui
119 4064 258 4120 verborum
276 4077 355 4132 quern
372 4065 572 4118 monstraturus
589 4078 649 4118 sum
666 4064 769 4119 iontem
787 4068 923 4132 agnoscet.

106 4155 220 4211 Leipziger
232 4158 333 4200 Studien.
354 4157 402 4200 ΧΠ.
1019 4148 1052 4198 22
