<?xml version="1.0" encoding="UTF-8"?>
<!DOCTYPE html PUBLIC "-//W3C//DTD XHTML 1.0 Transitional//EN"
    "http://www.w3.org/TR/xhtml1/DTD/xhtml1-transitional.dtd">
<html xmlns="http://www.w3.org/1999/xhtml" xml:lang="en" lang="en">
 <head>
  <title>
</title>
<meta http-equiv="Content-Type" content="text/html;charset=utf-8" />
  <meta name='ocr-system' content='tesseract 3.04.00' />
  <meta name='ocr-capabilities' content='ocr_page ocr_carea ocr_par ocr_line ocrx_word'/>
</head>
<body>
  <div class='ocr_page' id='page_1' title='image "./decallistusfabu00frangoog_0075.png"; bbox 0 0 2988 4728; ppageno 0'>
   <div class='ocr_carea' id='block_1_1' title="bbox 206 349 917 415">
    <p class='ocr_par' dir='ltr' id='par_1_1' title="bbox 206 349 917 415">
     <span class='ocr_line' id='line_1_1' title="bbox 206 349 917 415; baseline -0.014 0"><span class='ocrx_word' id='word_1_1' title='bbox 206 355 268 415; x_wconf 82' lang='lat'><strong>300</strong></span> <span class='ocrx_word' id='word_1_2' title='bbox 643 351 809 407; x_wconf 77' lang='lat' dir='ltr'><strong>Ralnholdus</strong></span> <span class='ocrx_word' id='word_1_3' title='bbox 827 349 917 406; x_wconf 77' lang='lat' dir='ltr'><strong>Franz</strong></span> 
     </span>
    </p>
   </div>
   <div class='ocr_carea' id='block_1_2' title="bbox 206 521 1375 1320">
    <p class='ocr_par' dir='ltr' id='par_1_2' title="bbox 206 521 1375 1320">
     <span class='ocr_line' id='line_1_2' title="bbox 206 521 1375 608; baseline -0.002 -16"><span class='ocrx_word' id='word_1_4' title='bbox 206 527 316 594; x_wconf 85' lang='lat' dir='ltr'><strong>ficavit</strong></span> <span class='ocrx_word' id='word_1_5' title='bbox 338 524 602 608; x_wconf 84' lang='lat' dir='ltr'><strong>catasterismom,</strong></span> <span class='ocrx_word' id='word_1_6' title='bbox 624 543 696 591; x_wconf 89' lang='lat' dir='ltr'><strong>cum</strong></span> <span class='ocrx_word' id='word_1_7' title='bbox 711 521 873 608; x_wconf 82' lang='lat' dir='ltr'><strong>Daphnim</strong></span> <span class='ocrx_word' id='word_1_8' title='bbox 890 526 1055 606; x_wconf 76' lang='lat' dir='ltr'><strong>pastorem</strong></span> <span class='ocrx_word' id='word_1_9' title='bbox 1077 522 1154 590; x_wconf 85' lang='lat' dir='ltr'><strong>iecit</strong></span> <span class='ocrx_word' id='word_1_10' title='bbox 1173 522 1296 590; x_wconf 87' lang='lat' dir='ltr'><strong>Panem</strong></span> <span class='ocrx_word' id='word_1_11' title='bbox 1318 524 1375 590; x_wconf 85' lang='lat' dir='ltr'><strong>bis</strong></span> 
     </span>
     <span class='ocr_line' id='line_1_3' title="bbox 208 623 655 708; baseline -0.002 -16"><span class='ocrx_word' id='word_1_12' title='bbox 208 627 409 695; x_wconf 86' lang='lat' dir='ltr'><strong>invocantem</strong></span> <span class='ocrx_word' id='word_1_13' title='bbox 430 625 460 708; x_wconf 85' lang='lat'><strong>(1</strong></span> <span class='ocrx_word' id='word_1_14' title='bbox 485 623 655 708; x_wconf 78' lang='lat' dir='ltr'><strong>123sqq.):</strong></span> 
     </span>
     <span class='ocr_line' id='line_1_4' title="bbox 270 713 1215 811; baseline -0.004 -17"><span class='ocrx_word' id='word_1_15' title='bbox 270 713 297 793; x_wconf 72' lang='grc' dir='ltr'><strong>αλ</strong></span> <span class='ocrx_word' id='word_1_16' title='bbox 320 726 397 794; x_wconf 86' lang='grc' dir='ltr'><strong>Πὰν</strong></span> <span class='ocrx_word' id='word_1_17' title='bbox 420 726 506 807; x_wconf 85' lang='grc' dir='ltr'><strong><em>Πάν,</em></strong></span> <span class='ocrx_word' id='word_1_18' title='bbox 530 720 594 793; x_wconf 73' lang='grc' dir='ltr'><strong>εἴτ’</strong></span> <span class='ocrx_word' id='word_1_19' title='bbox 621 724 694 792; x_wconf 76' lang='grc' dir='ltr'><strong><em>ἐσσὶ</em></strong></span> <span class='ocrx_word' id='word_1_20' title='bbox 716 718 790 791; x_wconf 72' lang='grc' dir='ltr'><strong>κατ’</strong></span> <span class='ocrx_word' id='word_1_21' title='bbox 816 719 905 811; x_wconf 75' lang='lat' dir='ltr'><strong>dipsa</strong></span> <span class='ocrx_word' id='word_1_22' title='bbox 927 723 1037 809; x_wconf 83' lang='grc' dir='ltr'><strong><em>μακρὰ</em></strong></span> <span class='ocrx_word' id='word_1_23' title='bbox 1060 729 1215 810; x_wconf 83' lang='grc' dir='ltr'><strong><em>Λυκαίω,</em></strong></span> 
     </span>
     <span class='ocr_line' id='line_1_5' title="bbox 272 820 1324 914; baseline -0.001 -18"><span class='ocrx_word' id='word_1_24' title='bbox 272 827 400 896; x_wconf 75' lang='lat' dir='ltr'><strong>siccari</strong></span> <span class='ocrx_word' id='word_1_25' title='bbox 423 822 456 913; x_wconf 80' lang='lat' dir='ltr'><strong>y&#39;</strong></span> <span class='ocrx_word' id='word_1_26' title='bbox 484 820 693 914; x_wconf 81' lang='grc' dir='ltr'><strong><em>ἂμφιπολεῖς</em></strong></span> <span class='ocrx_word' id='word_1_27' title='bbox 714 831 799 913; x_wconf 75' lang='grc' dir='ltr'><strong><em>μέγα</em></strong></span> <span class='ocrx_word' id='word_1_28' title='bbox 821 827 1011 908; x_wconf 80' lang='grc' dir='ltr'><strong><em>Μαίναλον,</em></strong></span> <span class='ocrx_word' id='word_1_29' title='bbox 1035 820 1111 892; x_wconf 75' lang='grc' dir='ltr'><strong><em>’ἐνθ’</em></strong></span> <span class='ocrx_word' id='word_1_30' title='bbox 1138 825 1195 894; x_wconf 78' lang='grc' dir='ltr'><strong>ἐπὶ</strong></span> <span class='ocrx_word' id='word_1_31' title='bbox 1219 831 1324 895; x_wconf 80' lang='grc' dir='ltr'><strong><em>νᾶσον</em></strong></span> 
     </span>
     <span class='ocr_line' id='line_1_6' title="bbox 269 924 1313 1016; baseline 0.001 -21"><span class='ocrx_word' id='word_1_32' title='bbox 269 929 331 996; x_wconf 82' lang='grc' dir='ltr'><strong>τὰν</strong></span> <span class='ocrx_word' id='word_1_33' title='bbox 353 927 502 1010; x_wconf 74' lang='grc' dir='ltr'><strong><em>Σικελόν,</em></strong></span> <span class='ocrx_word' id='word_1_34' title='bbox 522 924 680 1007; x_wconf 84' lang='grc' dir='ltr'><strong><em>Ἑλίκας</em></strong></span> <span class='ocrx_word' id='word_1_35' title='bbox 703 929 745 994; x_wconf 81' lang='grc' dir='ltr'><strong>δὲ</strong></span> <span class='ocrx_word' id='word_1_36' title='bbox 768 930 867 995; x_wconf 91' lang='grc' dir='ltr'><strong><em>λίπε</em></strong></span> <span class='ocrx_word' id='word_1_37' title='bbox 889 927 980 1016; x_wconf 92' lang='grc' dir='ltr'><strong><em>ῥίον</em></strong></span> <span class='ocrx_word' id='word_1_38' title='bbox 1004 927 1107 994; x_wconf 83' lang='grc' dir='ltr'><strong><em>αἰπύ</em></strong></span> <span class='ocrx_word' id='word_1_39' title='bbox 1130 952 1175 994; x_wconf 87' lang='grc' dir='ltr'><strong>τε</strong></span> <span class='ocrx_word' id='word_1_40' title='bbox 1197 932 1313 1013; x_wconf 83' lang='grc' dir='ltr'><strong><em>σᾶμα</em></strong></span> 
     </span>
     <span class='ocr_line' id='line_1_7' title="bbox 269 1023 1308 1120; baseline -0.005 -21"><span class='ocrx_word' id='word_1_41' title='bbox 269 1035 366 1120; x_wconf 80' lang='grc' dir='ltr'><strong><em>τῆνο</em></strong></span> <span class='ocrx_word' id='word_1_42' title='bbox 388 1029 680 1112; x_wconf 81' lang='grc' dir='ltr'><strong><em>Λυκαονίδαο,</em></strong></span> <span class='ocrx_word' id='word_1_43' title='bbox 702 1028 746 1097; x_wconf 84' lang='grc' dir='ltr'><strong>τὸ</strong></span> <span class='ocrx_word' id='word_1_44' title='bbox 771 1031 839 1096; x_wconf 84' lang='grc' dir='ltr'><strong>καὶ</strong></span> <span class='ocrx_word' id='word_1_45' title='bbox 860 1027 1121 1115; x_wconf 83' lang='grc' dir='ltr'><strong><em>μακάρεσσιν</em></strong></span> <span class='ocrx_word' id='word_1_46' title='bbox 1144 1023 1308 1116; x_wconf 76' lang='grc' dir='ltr'><strong><em>ἀγητόν.</em></strong></span> 
     </span>
     <span class='ocr_line' id='line_1_8' title="bbox 207 1131 1372 1219; baseline -0.001 -17"><span class='ocrx_word' id='word_1_47' title='bbox 207 1135 262 1202; x_wconf 85' lang='lat' dir='ltr'><strong>Sic</strong></span> <span class='ocrx_word' id='word_1_48' title='bbox 284 1134 368 1202; x_wconf 92' lang='lat' dir='ltr'><strong>enim</strong></span> <span class='ocrx_word' id='word_1_49' title='bbox 391 1134 527 1202; x_wconf 89' lang='lat' dir='ltr'><strong>codices.</strong></span> <span class='ocrx_word' id='word_1_50' title='bbox 571 1134 615 1200; x_wconf 87' lang='lat' dir='ltr'><strong>At</strong></span> <span class='ocrx_word' id='word_1_51' title='bbox 635 1133 718 1200; x_wconf 92' lang='lat' dir='ltr'><strong>inter</strong></span> <span class='ocrx_word' id='word_1_52' title='bbox 739 1131 878 1200; x_wconf 82' lang='lat' dir='ltr'><strong>editores</strong></span> <span class='ocrx_word' id='word_1_53' title='bbox 906 1151 971 1197; x_wconf 92' lang='lat' dir='ltr'><strong>non</strong></span> <span class='ocrx_word' id='word_1_54' title='bbox 993 1137 1118 1199; x_wconf 87' lang='lat' dir='ltr'><strong>constat</strong></span> <span class='ocrx_word' id='word_1_55' title='bbox 1141 1132 1182 1198; x_wconf 90' lang='lat' dir='ltr'><strong>de</strong></span> <span class='ocrx_word' id='word_1_56' title='bbox 1209 1133 1372 1219; x_wconf 91' lang='lat' dir='ltr'><strong>interpre-</strong></span> 
     </span>
     <span class='ocr_line' id='line_1_9' title="bbox 206 1229 1371 1320; baseline -0.003 -16"><span class='ocrx_word' id='word_1_57' title='bbox 206 1236 313 1304; x_wconf 87' lang='lat' dir='ltr'><strong>tandis</strong></span> <span class='ocrx_word' id='word_1_58' title='bbox 327 1236 569 1319; x_wconf 78' lang='lat' dir='ltr'>scribendisque</span> <span class='ocrx_word' id='word_1_59' title='bbox 585 1236 631 1302; x_wconf 85' lang='lat' dir='ltr'><strong>eis</strong></span> <span class='ocrx_word' id='word_1_60' title='bbox 645 1233 724 1320; x_wconf 87' lang='lat' dir='ltr'><strong>ipsis</strong></span> <span class='ocrx_word' id='word_1_61' title='bbox 739 1234 856 1316; x_wconf 86' lang='lat' dir='ltr'><strong>verbis,</strong></span> <span class='ocrx_word' id='word_1_62' title='bbox 873 1252 956 1315; x_wconf 89' lang='lat' dir='ltr'><strong>quae</strong></span> <span class='ocrx_word' id='word_1_63' title='bbox 971 1233 1034 1299; x_wconf 91' lang='lat' dir='ltr'><strong>buc</strong></span> <span class='ocrx_word' id='word_1_64' title='bbox 1049 1233 1220 1318; x_wconf 81' lang='lat' dir='ltr'><strong>pertinent:</strong></span> <span class='ocrx_word' id='word_1_65' title='bbox 1236 1229 1371 1313; x_wconf 82' lang='grc' dir='ltr'><strong><em>Ἑλίκας</em></strong></span> 
     </span>
    </p>
   </div>
   <div class='ocr_carea' id='block_1_3' title="bbox 206 1333 1489 1427">
    <p class='ocr_par' dir='ltr' id='par_1_3' title="bbox 206 1333 1489 1427">
     <span class='ocr_line' id='line_1_10' title="bbox 206 1333 1489 1427; baseline -0.002 -23"><span class='ocrx_word' id='word_1_66' title='bbox 206 1339 243 1405; x_wconf 78' lang='lat' dir='ltr'><strong>di</strong></span> <span class='ocrx_word' id='word_1_67' title='bbox 264 1340 343 1406; x_wconf 91' lang='grc' dir='ltr'><strong><em>λίπε</em></strong></span> <span class='ocrx_word' id='word_1_68' title='bbox 364 1339 447 1427; x_wconf 83' lang='grc' dir='ltr'><strong><em>ῥίον.</em></strong></span> <span class='ocrx_word' id='word_1_69' title='bbox 491 1336 655 1405; x_wconf 79' lang='lat' dir='ltr'><strong>Frituscbs</strong></span> <span class='ocrx_word' id='word_1_70' title='bbox 677 1335 761 1401; x_wconf 89' lang='lat' dir='ltr'><strong>enim</strong></span> <span class='ocrx_word' id='word_1_71' title='bbox 783 1333 826 1399; x_wconf 88' lang='lat' dir='ltr'><strong>ad</strong></span> <span class='ocrx_word' id='word_1_72' title='bbox 848 1355 879 1400; x_wconf 90' lang='lat' dir='ltr'><strong>v.</strong></span> <span class='ocrx_word' id='word_1_73' title='bbox 898 1338 957 1399; x_wconf 81' lang='lat'><strong>125</strong></span> <span class='ocrx_word' id='word_1_74' title='bbox 979 1335 1113 1402; x_wconf 87' lang='lat' dir='ltr'><strong>Helicen</strong></span> <span class='ocrx_word' id='word_1_75' title='bbox 1134 1336 1212 1418; x_wconf 89' lang='lat' dir='ltr'><strong>(quo</strong></span> <span class='ocrx_word' id='word_1_76' title='bbox 1235 1337 1369 1404; x_wconf 91' lang='lat' dir='ltr'><strong>nomine</strong></span> <span class='ocrx_word' id='word_1_77' title='bbox 1488 1379 1489 1392; x_wconf 30' lang='grc' dir='ltr'><strong><em>λ</em></strong></span> 
     </span>
    </p>
   </div>
   <div class='ocr_carea' id='block_1_4' title="bbox 205 1435 1369 2131">
    <p class='ocr_par' dir='ltr' id='par_1_4' title="bbox 205 1435 1369 2131">
     <span class='ocr_line' id='line_1_11' title="bbox 206 1435 1369 1523; baseline -0.005 -13"><span class='ocrx_word' id='word_1_78' title='bbox 206 1444 321 1510; x_wconf 83' lang='lat' dir='ltr'><strong>Ursam</strong></span> <span class='ocrx_word' id='word_1_79' title='bbox 336 1443 491 1508; x_wconf 85' lang='lat' dir='ltr'><strong>maiorem</strong></span> <span class='ocrx_word' id='word_1_80' title='bbox 512 1437 607 1504; x_wconf 91' lang='lat' dir='ltr'><strong>modo</strong></span> <span class='ocrx_word' id='word_1_81' title='bbox 623 1436 803 1504; x_wconf 83' lang='lat' dir='ltr'><strong>audivimus</strong></span> <span class='ocrx_word' id='word_1_82' title='bbox 819 1435 860 1501; x_wconf 86' lang='lat' dir='ltr'><strong>ab</strong></span> <span class='ocrx_word' id='word_1_83' title='bbox 875 1436 976 1504; x_wconf 85' lang='lat' dir='ltr'><strong>Arato</strong></span> <span class='ocrx_word' id='word_1_84' title='bbox 998 1435 1187 1523; x_wconf 83' lang='lat' dir='ltr'><strong>nuncupari)</strong></span> <span class='ocrx_word' id='word_1_85' title='bbox 1202 1437 1369 1521; x_wconf 84' lang='lat' dir='ltr'><strong>intellegit</strong></span> 
     </span>
     <span class='ocr_line' id='line_1_12' title="bbox 206 1537 1366 1623; baseline -0.003 -13"><span class='ocrx_word' id='word_1_86' title='bbox 206 1543 339 1611; x_wconf 79' lang='lat' dir='ltr'><strong>Cadisto</strong></span> <span class='ocrx_word' id='word_1_87' title='bbox 361 1543 493 1622; x_wconf 87' lang='lat' dir='ltr'><strong>eiusque</strong></span> <span class='ocrx_word' id='word_1_88' title='bbox 512 1537 682 1623; x_wconf 85' lang='lat' dir='ltr'><strong>significari</strong></span> <span class='ocrx_word' id='word_1_89' title='bbox 696 1544 805 1604; x_wconf 85' lang='lat' dir='ltr'><strong>censet</strong></span> <span class='ocrx_word' id='word_1_90' title='bbox 828 1539 982 1604; x_wconf 91' lang='lat' dir='ltr'><strong>tumulum</strong></span> <span class='ocrx_word' id='word_1_91' title='bbox 1004 1559 1026 1604; x_wconf 91' lang='lat' dir='ltr'><strong>a</strong></span> <span class='ocrx_word' id='word_1_92' title='bbox 1041 1540 1201 1606; x_wconf 81' lang='lat' dir='ltr'><strong>Pausania</strong></span> <span class='ocrx_word' id='word_1_93' title='bbox 1224 1559 1366 1607; x_wconf 87' lang='lat' dir='ltr'><strong>comme-</strong></span> 
     </span>
     <span class='ocr_line' id='line_1_13' title="bbox 205 1632 1367 1728; baseline -0.004 -16"><span class='ocrx_word' id='word_1_94' title='bbox 205 1651 378 1728; x_wconf 88' lang='lat' dir='ltr'><strong>moratum;</strong></span> <span class='ocrx_word' id='word_1_95' title='bbox 400 1660 465 1724; x_wconf 89' lang='lat' dir='ltr'><strong>qua</strong></span> <span class='ocrx_word' id='word_1_96' title='bbox 486 1641 527 1707; x_wconf 92' lang='lat' dir='ltr'><strong>de</strong></span> <span class='ocrx_word' id='word_1_97' title='bbox 550 1659 647 1708; x_wconf 84' lang='lat' dir='ltr'><strong>causa</strong></span> <span class='ocrx_word' id='word_1_98' title='bbox 662 1660 703 1707; x_wconf 85' lang='lat' dir='ltr'><strong>ex</strong></span> <span class='ocrx_word' id='word_1_99' title='bbox 718 1639 807 1706; x_wconf 90' lang='lat' dir='ltr'><strong>Bosii</strong></span> <span class='ocrx_word' id='word_1_100' title='bbox 823 1639 1006 1706; x_wconf 88' lang='lat' dir='ltr'><strong>coniectura</strong></span> <span class='ocrx_word' id='word_1_101' title='bbox 1019 1641 1133 1724; x_wconf 82' lang='lat' dir='ltr'><strong>recipit</strong></span> <span class='ocrx_word' id='word_1_102' title='bbox 1155 1632 1230 1705; x_wconf 79' lang='grc' dir='ltr'><strong><em>λίπ’</em></strong></span> <span class='ocrx_word' id='word_1_103' title='bbox 1249 1633 1367 1727; x_wconf 82' lang='grc' dir='ltr'><strong><em>ἠρίον,-</em></strong></span> 
     </span>
     <span class='ocr_line' id='line_1_14' title="bbox 206 1740 1365 1826; baseline -0.002 -15"><span class='ocrx_word' id='word_1_104' title='bbox 206 1765 245 1811; x_wconf 88' lang='lat' dir='ltr'><strong>ac</strong></span> <span class='ocrx_word' id='word_1_105' title='bbox 260 1764 341 1810; x_wconf 90' lang='lat' dir='ltr'><strong>nunc</strong></span> <span class='ocrx_word' id='word_1_106' title='bbox 357 1763 468 1811; x_wconf 89' lang='lat' dir='ltr'><strong>omnes</strong></span> <span class='ocrx_word' id='word_1_107' title='bbox 483 1742 525 1809; x_wconf 91' lang='lat' dir='ltr'><strong>ad</strong></span> <span class='ocrx_word' id='word_1_108' title='bbox 540 1743 608 1809; x_wconf 89' lang='lat' dir='ltr'><strong>eius</strong></span> <span class='ocrx_word' id='word_1_109' title='bbox 624 1742 812 1809; x_wconf 87' lang='lat' dir='ltr'><strong>sententiam</strong></span> <span class='ocrx_word' id='word_1_110' title='bbox 827 1760 991 1808; x_wconf 85' lang='lat' dir='ltr'><strong>accessere</strong></span> <span class='ocrx_word' id='word_1_111' title='bbox 1013 1747 1140 1825; x_wconf 89' lang='lat' dir='ltr'><strong>praeter</strong></span> <span class='ocrx_word' id='word_1_112' title='bbox 1154 1740 1365 1826; x_wconf 87' lang='lat' dir='ltr'><strong>Meinekinm,</strong></span> 
     </span>
     <span class='ocr_line' id='line_1_15' title="bbox 206 1837 1366 1930; baseline -0.003 -17"><span class='ocrx_word' id='word_1_113' title='bbox 206 1848 260 1930; x_wconf 90' lang='lat' dir='ltr'><strong>qui</strong></span> <span class='ocrx_word' id='word_1_114' title='bbox 273 1866 305 1930; x_wconf 90' lang='lat' dir='ltr'><strong>p.</strong></span> <span class='ocrx_word' id='word_1_115' title='bbox 321 1850 380 1912; x_wconf 81' lang='lat'><strong>196</strong></span> <span class='ocrx_word' id='word_1_116' title='bbox 392 1837 535 1913; x_wconf 85' lang='lat' dir='ltr'><strong>‘Obstat&#39;</strong></span> <span class='ocrx_word' id='word_1_117' title='bbox 553 1843 657 1926; x_wconf 91' lang='lat' dir='ltr'><strong>inquit</strong></span> <span class='ocrx_word' id='word_1_118' title='bbox 667 1837 822 1929; x_wconf 87' lang='lat' dir='ltr'><strong>‘opinioni</strong></span> <span class='ocrx_word' id='word_1_119' title='bbox 837 1842 896 1926; x_wconf 88' lang='lat' dir='ltr'><strong>illi,</strong></span> <span class='ocrx_word' id='word_1_120' title='bbox 911 1843 997 1926; x_wconf 87' lang='lat' dir='ltr'><strong>quod</strong></span> <span class='ocrx_word' id='word_1_121' title='bbox 1009 1843 1142 1909; x_wconf 78' lang='lat' dir='ltr'><strong>Helicae</strong></span> <span class='ocrx_word' id='word_1_122' title='bbox 1153 1842 1285 1910; x_wconf 92' lang='lat' dir='ltr'><strong>nomine</strong></span> <span class='ocrx_word' id='word_1_123' title='bbox 1300 1865 1366 1912; x_wconf 91' lang='lat' dir='ltr'><strong>non</strong></span> 
     </span>
     <span class='ocr_line' id='line_1_16' title="bbox 207 1943 1365 2033; baseline -0.003 -18"><span class='ocrx_word' id='word_1_124' title='bbox 207 1953 337 2015; x_wconf 90' lang='lat' dir='ltr'><strong>utuntur</strong></span> <span class='ocrx_word' id='word_1_125' title='bbox 350 1955 477 2015; x_wconf 85' lang='lat' dir='ltr'><strong>veteres</strong></span> <span class='ocrx_word' id='word_1_126' title='bbox 491 1954 606 2033; x_wconf 87' lang='lat' dir='ltr'><strong>poetae</strong></span> <span class='ocrx_word' id='word_1_127' title='bbox 622 1945 662 2012; x_wconf 92' lang='lat' dir='ltr'><strong>de</strong></span> <span class='ocrx_word' id='word_1_128' title='bbox 674 1944 850 2011; x_wconf 81' lang='lat' dir='ltr'><strong>Callistone</strong></span> <span class='ocrx_word' id='word_1_129' title='bbox 864 1944 927 2008; x_wconf 87' lang='lat' dir='ltr'><strong>nisi</strong></span> <span class='ocrx_word' id='word_1_130' title='bbox 938 1943 993 2009; x_wconf 88' lang='lat' dir='ltr'><strong>ubi</strong></span> <span class='ocrx_word' id='word_1_131' title='bbox 1009 1949 1139 2024; x_wconf 89' lang='lat' dir='ltr'><strong>astrum,</strong></span> <span class='ocrx_word' id='word_1_132' title='bbox 1154 1943 1187 2008; x_wconf 94' lang='lat' dir='ltr'><strong>in</strong></span> <span class='ocrx_word' id='word_1_133' title='bbox 1203 1945 1291 2027; x_wconf 89' lang='lat' dir='ltr'><strong>quod</strong></span> <span class='ocrx_word' id='word_1_134' title='bbox 1306 1946 1365 2011; x_wconf 89' lang='lat' dir='ltr'><strong>illa</strong></span> 
     </span>
     <span class='ocr_line' id='line_1_17' title="bbox 208 2045 1364 2131; baseline -0.001 -17"><span class='ocrx_word' id='word_1_135' title='bbox 208 2055 329 2116; x_wconf 87' lang='lat' dir='ltr'><strong>mutata</strong></span> <span class='ocrx_word' id='word_1_136' title='bbox 345 2048 516 2130; x_wconf 87' lang='lat' dir='ltr'><strong>ferebatur,</strong></span> <span class='ocrx_word' id='word_1_137' title='bbox 531 2047 700 2131; x_wconf 84' lang='lat' dir='ltr'><strong>designare</strong></span> <span class='ocrx_word' id='word_1_138' title='bbox 715 2048 841 2129; x_wconf 90' lang='lat' dir='ltr'><strong>volunt;</strong></span> <span class='ocrx_word' id='word_1_139' title='bbox 863 2063 967 2126; x_wconf 89' lang='lat' dir='ltr'><strong>neque</strong></span> <span class='ocrx_word' id='word_1_140' title='bbox 981 2046 1119 2112; x_wconf 86' lang='lat' dir='ltr'><strong>obscura</strong></span> <span class='ocrx_word' id='word_1_141' title='bbox 1140 2045 1201 2111; x_wconf 90' lang='lat' dir='ltr'><strong>erit</strong></span> <span class='ocrx_word' id='word_1_142' title='bbox 1223 2048 1293 2114; x_wconf 88' lang='lat' dir='ltr'><strong>eius</strong></span> <span class='ocrx_word' id='word_1_143' title='bbox 1315 2048 1364 2115; x_wconf 88' lang='lat' dir='ltr'><strong>rei</strong></span> 
     </span>
    </p>
   </div>
   <div class='ocr_carea' id='block_1_5' title="bbox 208 2139 1492 2236">
    <p class='ocr_par' dir='ltr' id='par_1_5' title="bbox 208 2139 1492 2236">
     <span class='ocr_line' id='line_1_18' title="bbox 208 2139 1492 2236; baseline -0.002 -20"><span class='ocrx_word' id='word_1_144' title='bbox 208 2169 314 2231; x_wconf 89' lang='lat' dir='ltr'><strong>causa,</strong></span> <span class='ocrx_word' id='word_1_145' title='bbox 337 2148 414 2230; x_wconf 92' lang='lat' dir='ltr'><strong>quid</strong></span> <span class='ocrx_word' id='word_1_146' title='bbox 428 2144 534 2236; x_wconf 81' lang='grc' dir='ltr'><strong><em>Ἑλίκη</em></strong></span> <span class='ocrx_word' id='word_1_147' title='bbox 557 2147 722 2232; x_wconf 85' lang='lat' dir='ltr'><strong>significet,</strong></span> <span class='ocrx_word' id='word_1_148' title='bbox 743 2139 982 2232; x_wconf 77' lang='lat' dir='ltr'><strong>reputantibus.³</strong></span> <span class='ocrx_word' id='word_1_149' title='bbox 1029 2147 1142 2229; x_wconf 89' lang='lat' dir='ltr'><strong>itaque</strong></span> <span class='ocrx_word' id='word_1_150' title='bbox 1164 2147 1218 2213; x_wconf 92' lang='lat' dir='ltr'><strong>hic</strong></span> <span class='ocrx_word' id='word_1_151' title='bbox 1239 2149 1367 2215; x_wconf 85' lang='lat' dir='ltr'><strong>mavult</strong></span> <span class='ocrx_word' id='word_1_152' title='bbox 1491 2141 1492 2156; x_wconf 57' lang='lat'>¹</span> 
     </span>
    </p>
   </div>
   <div class='ocr_carea' id='block_1_6' title="bbox 206 2245 1365 3861">
    <p class='ocr_par' dir='ltr' id='par_1_6' title="bbox 206 2245 1365 3861">
     <span class='ocr_line' id='line_1_19' title="bbox 206 2245 1365 2337; baseline 0 -21"><span class='ocrx_word' id='word_1_153' title='bbox 206 2250 335 2318; x_wconf 86' lang='lat' dir='ltr'><strong>retineri</strong></span> <span class='ocrx_word' id='word_1_154' title='bbox 363 2249 436 2337; x_wconf 84' lang='grc' dir='ltr'><strong><em>ῥίον</em></strong></span> <span class='ocrx_word' id='word_1_155' title='bbox 465 2257 496 2315; x_wconf 88' lang='lat' dir='ltr'><strong>et</strong></span> <span class='ocrx_word' id='word_1_156' title='bbox 521 2250 617 2317; x_wconf 78' lang='lat' dir='ltr'><strong>scribi</strong></span> <span class='ocrx_word' id='word_1_157' title='bbox 640 2246 767 2332; x_wconf 83' lang='grc' dir='ltr'><strong><em>Ἑλίκα,·</em></strong></span> <span class='ocrx_word' id='word_1_158' title='bbox 785 2245 911 2324; x_wconf 86' lang='grc' dir='ltr'><strong><em>Ἑλίκας</em></strong></span> <span class='ocrx_word' id='word_1_159' title='bbox 940 2249 1024 2315; x_wconf 91' lang='lat' dir='ltr'><strong>enim</strong></span> <span class='ocrx_word' id='word_1_160' title='bbox 1050 2248 1138 2333; x_wconf 87' lang='lat' dir='ltr'><strong>apud</strong></span> <span class='ocrx_word' id='word_1_161' title='bbox 1163 2246 1365 2334; x_wconf 88' lang='lat' dir='ltr'><strong>Stephanum</strong></span> 
     </span>
     <span class='ocr_line' id='line_1_20' title="bbox 207 2345 1361 2438; baseline -0.001 -19"><span class='ocrx_word' id='word_1_162' title='bbox 207 2353 284 2437; x_wconf 81' lang='lat' dir='ltr'><strong>Byr.</strong></span> <span class='ocrx_word' id='word_1_163' title='bbox 306 2353 339 2417; x_wconf 93' lang='lat' dir='ltr'><strong>in</strong></span> <span class='ocrx_word' id='word_1_164' title='bbox 362 2371 392 2418; x_wconf 89' lang='lat' dir='ltr'><strong>v.</strong></span> <span class='ocrx_word' id='word_1_165' title='bbox 406 2345 511 2438; x_wconf 82' lang='grc' dir='ltr'><strong><em>Ἑλίκη</em></strong></span> <span class='ocrx_word' id='word_1_166' title='bbox 536 2347 664 2434; x_wconf 84' lang='grc' dir='ltr'><strong><em>(Ἕλικα</em></strong></span> <span class='ocrx_word' id='word_1_167' title='bbox 686 2369 782 2433; x_wconf 91' lang='lat' dir='ltr'><strong>quem</strong></span> <span class='ocrx_word' id='word_1_168' title='bbox 801 2357 896 2418; x_wconf 90' lang='lat' dir='ltr'><strong>vocat</strong></span> <span class='ocrx_word' id='word_1_169' title='bbox 910 2351 1059 2435; x_wconf 87' lang='lat' dir='ltr'><strong>Apollod.</strong></span> <span class='ocrx_word' id='word_1_170' title='bbox 1074 2351 1122 2416; x_wconf 95' lang='lat' dir='ltr'><strong>Ill</strong></span> <span class='ocrx_word' id='word_1_171' title='bbox 1138 2354 1168 2435; x_wconf 90' lang='lat'><strong>8,</strong></span> <span class='ocrx_word' id='word_1_172' title='bbox 1187 2355 1248 2436; x_wconf 79' lang='lat'><strong>1‚2</strong></span> <span class='ocrx_word' id='word_1_173' title='bbox 1271 2353 1361 2419; x_wconf 86' lang='lat' dir='ltr'><strong>facil-</strong></span> 
     </span>
     <span class='ocr_line' id='line_1_21' title="bbox 207 2450 1363 2538; baseline 0 -18"><span class='ocrx_word' id='word_1_174' title='bbox 207 2453 284 2520; x_wconf 91' lang='lat' dir='ltr'><strong>lime</strong></span> <span class='ocrx_word' id='word_1_175' title='bbox 300 2455 440 2536; x_wconf 84' lang='lat' dir='ltr'><strong>corrigas</strong></span> <span class='ocrx_word' id='word_1_176' title='bbox 455 2454 488 2518; x_wconf 93' lang='lat' dir='ltr'><strong>in</strong></span> <span class='ocrx_word' id='word_1_177' title='bbox 500 2450 644 2534; x_wconf 86' lang='grc' dir='ltr'><strong><em>Ἑλίκαν)</em></strong></span> <span class='ocrx_word' id='word_1_178' title='bbox 660 2473 742 2521; x_wconf 84' lang='lat' dir='ltr'><strong>unus</strong></span> <span class='ocrx_word' id='word_1_179' title='bbox 757 2459 806 2520; x_wconf 88' lang='lat' dir='ltr'><strong>est</strong></span> <span class='ocrx_word' id='word_1_180' title='bbox 821 2453 1011 2538; x_wconf 86' lang='lat' dir='ltr'><strong>eLycaonis</strong></span> <span class='ocrx_word' id='word_1_181' title='bbox 1025 2450 1110 2517; x_wconf 89' lang='lat' dir='ltr'><strong>filiis.</strong></span> <span class='ocrx_word' id='word_1_182' title='bbox 1144 2452 1188 2518; x_wconf 87' lang='lat' dir='ltr'><strong>At</strong></span> <span class='ocrx_word' id='word_1_183' title='bbox 1203 2451 1278 2518; x_wconf 93' lang='lat' dir='ltr'><strong>huic</strong></span> <span class='ocrx_word' id='word_1_184' title='bbox 1289 2472 1363 2520; x_wconf 93' lang='lat' dir='ltr'><strong>con·</strong></span> 
     </span>
     <span class='ocr_line' id='line_1_22' title="bbox 207 2553 1365 2641; baseline 0 -21"><span class='ocrx_word' id='word_1_185' title='bbox 207 2557 346 2622; x_wconf 88' lang='lat' dir='ltr'><strong>ieetnrae</strong></span> <span class='ocrx_word' id='word_1_186' title='bbox 362 2554 425 2621; x_wconf 88' lang='lat' dir='ltr'><strong>duo</strong></span> <span class='ocrx_word' id='word_1_187' title='bbox 442 2556 584 2622; x_wconf 87' lang='lat' dir='ltr'><strong>obstant:</strong></span> <span class='ocrx_word' id='word_1_188' title='bbox 606 2555 743 2641; x_wconf 88' lang='lat' dir='ltr'><strong>primum</strong></span> <span class='ocrx_word' id='word_1_189' title='bbox 765 2554 852 2637; x_wconf 90' lang='lat' dir='ltr'><strong>quod</strong></span> <span class='ocrx_word' id='word_1_190' title='bbox 873 2556 915 2621; x_wconf 85' lang='lat' dir='ltr'><strong>ab</strong></span> <span class='ocrx_word' id='word_1_191' title='bbox 932 2555 1054 2638; x_wconf 83' lang='lat' dir='ltr'><strong>Helico,</strong></span> <span class='ocrx_word' id='word_1_192' title='bbox 1077 2573 1150 2619; x_wconf 93' lang='lat' dir='ltr'><strong>cum</strong></span> <span class='ocrx_word' id='word_1_193' title='bbox 1173 2553 1298 2639; x_wconf 85' lang='lat' dir='ltr'><strong>etipse</strong></span> <span class='ocrx_word' id='word_1_194' title='bbox 1321 2553 1365 2620; x_wconf 85' lang='lat' dir='ltr'><strong>sit</strong></span> 
     </span>
     <span class='ocr_line' id='line_1_23' title="bbox 207 2654 1363 2742; baseline -0.001 -19"><span class='ocrx_word' id='word_1_195' title='bbox 207 2655 419 2742; x_wconf 88' lang='lat' dir='ltr'><strong>Lycaonides‚</strong></span> <span class='ocrx_word' id='word_1_196' title='bbox 442 2657 524 2723; x_wconf 89' lang='lat' dir='ltr'><strong>alter</strong></span> <span class='ocrx_word' id='word_1_197' title='bbox 538 2655 625 2722; x_wconf 87' lang='lat' dir='ltr'><strong>nuda</strong></span> <span class='ocrx_word' id='word_1_198' title='bbox 639 2655 857 2721; x_wconf 81' lang='grc' dir='ltr'><strong><em>Λοκαονίδαο</em></strong></span> <span class='ocrx_word' id='word_1_199' title='bbox 879 2657 1096 2741; x_wconf 88' lang='lat' dir='ltr'><strong>appellatione</strong></span> <span class='ocrx_word' id='word_1_200' title='bbox 1118 2654 1272 2738; x_wconf 84' lang='lat' dir='ltr'><strong>distingui</strong></span> <span class='ocrx_word' id='word_1_201' title='bbox 1297 2676 1363 2722; x_wconf 93' lang='lat' dir='ltr'><strong>non</strong></span> 
     </span>
     <span class='ocr_line' id='line_1_24' title="bbox 206 2755 1364 2843; baseline 0 -19"><span class='ocrx_word' id='word_1_202' title='bbox 206 2763 322 2842; x_wconf 89' lang='lat' dir='ltr'><strong>potest,</strong></span> <span class='ocrx_word' id='word_1_203' title='bbox 345 2755 461 2823; x_wconf 85' lang='lat' dir='ltr'><strong>deinde</strong></span> <span class='ocrx_word' id='word_1_204' title='bbox 481 2757 567 2840; x_wconf 90' lang='lat' dir='ltr'><strong>quod</strong></span> <span class='ocrx_word' id='word_1_205' title='bbox 583 2757 713 2824; x_wconf 89' lang='lat' dir='ltr'><strong>Helicas</strong></span> <span class='ocrx_word' id='word_1_206' title='bbox 729 2757 790 2824; x_wconf 89' lang='lat' dir='ltr'><strong>iste</strong></span> <span class='ocrx_word' id='word_1_207' title='bbox 804 2758 901 2843; x_wconf 84' lang='lat' dir='ltr'><strong>plane</strong></span> <span class='ocrx_word' id='word_1_208' title='bbox 922 2757 1074 2842; x_wconf 82' lang='lat' dir='ltr'><strong>ignobilis</strong></span> <span class='ocrx_word' id='word_1_209' title='bbox 1096 2765 1129 2824; x_wconf 90' lang='lat' dir='ltr'><strong>et</strong></span> <span class='ocrx_word' id='word_1_210' title='bbox 1143 2758 1298 2824; x_wconf 87' lang='lat' dir='ltr'><strong>obscurus</strong></span> <span class='ocrx_word' id='word_1_211' title='bbox 1314 2765 1364 2824; x_wconf 87' lang='lat' dir='ltr'><strong>est</strong></span> 
     </span>
     <span class='ocr_line' id='line_1_25' title="bbox 206 2856 1363 2944; baseline -0.003 -17"><span class='ocrx_word' id='word_1_212' title='bbox 206 2880 246 2927; x_wconf 92' lang='lat' dir='ltr'><strong>ac</strong></span> <span class='ocrx_word' id='word_1_213' title='bbox 273 2878 315 2925; x_wconf 93' lang='lat' dir='ltr'><strong>ne</strong></span> <span class='ocrx_word' id='word_1_214' title='bbox 345 2859 378 2924; x_wconf 92' lang='lat' dir='ltr'><strong>in</strong></span> <span class='ocrx_word' id='word_1_215' title='bbox 400 2858 539 2925; x_wconf 87' lang='lat' dir='ltr'><strong>Arcadia</strong></span> <span class='ocrx_word' id='word_1_216' title='bbox 567 2856 713 2941; x_wconf 87' lang='lat' dir='ltr'><strong>quidem,</strong></span> <span class='ocrx_word' id='word_1_217' title='bbox 742 2858 828 2924; x_wconf 88' lang='lat' dir='ltr'><strong>unde</strong></span> <span class='ocrx_word' id='word_1_218' title='bbox 853 2859 922 2925; x_wconf 88' lang='lat' dir='ltr'><strong>Pan</strong></span> <span class='ocrx_word' id='word_1_219' title='bbox 949 2858 1059 2925; x_wconf 84' lang='lat' dir='ltr'><strong>venire</strong></span> <span class='ocrx_word' id='word_1_220' title='bbox 1087 2858 1229 2944; x_wconf 88' lang='lat' dir='ltr'><strong>iubetur,</strong></span> <span class='ocrx_word' id='word_1_221' title='bbox 1251 2857 1363 2926; x_wconf 89' lang='lat' dir='ltr'><strong>sedem</strong></span> 
     </span>
     <span class='ocr_line' id='line_1_26' title="bbox 208 2960 1361 3046; baseline -0.001 -19"><span class='ocrx_word' id='word_1_222' title='bbox 208 2960 317 3044; x_wconf 86' lang='lat' dir='ltr'><strong>habet,</strong></span> <span class='ocrx_word' id='word_1_223' title='bbox 340 2960 491 3043; x_wconf 89' lang='lat' dir='ltr'><strong>quoniam</strong></span> <span class='ocrx_word' id='word_1_224' title='bbox 514 2961 555 3026; x_wconf 90' lang='lat' dir='ltr'><strong>ab</strong></span> <span class='ocrx_word' id='word_1_225' title='bbox 577 2981 615 3028; x_wconf 89' lang='lat' dir='ltr'><strong>eo</strong></span> <span class='ocrx_word' id='word_1_226' title='bbox 629 2960 773 3027; x_wconf 87' lang='lat' dir='ltr'><strong>Achaiae</strong></span> <span class='ocrx_word' id='word_1_227' title='bbox 787 2960 942 3046; x_wconf 89' lang='lat' dir='ltr'><strong>oppidum</strong></span> <span class='ocrx_word' id='word_1_228' title='bbox 957 2979 1071 3027; x_wconf 91' lang='lat' dir='ltr'><strong>nomen</strong></span> <span class='ocrx_word' id='word_1_229' title='bbox 1094 2961 1361 3029; x_wconf 73' lang='lat' dir='ltr'><strong>tartessiorum.</strong></span> 
     </span>
     <span class='ocr_line' id='line_1_27' title="bbox 206 3061 1362 3147; baseline 0.003 -21"><span class='ocrx_word' id='word_1_230' title='bbox 206 3062 274 3129; x_wconf 90' lang='lat' dir='ltr'><strong>Iste</strong></span> <span class='ocrx_word' id='word_1_231' title='bbox 294 3062 392 3146; x_wconf 84' lang='lat' dir='ltr'><strong>igitur</strong></span> <span class='ocrx_word' id='word_1_232' title='bbox 414 3061 597 3128; x_wconf 88' lang='lat' dir='ltr'><strong>mittendus.</strong></span> <span class='ocrx_word' id='word_1_233' title='bbox 641 3064 685 3128; x_wconf 88' lang='lat' dir='ltr'><strong>At</strong></span> <span class='ocrx_word' id='word_1_234' title='bbox 706 3061 835 3129; x_wconf 85' lang='lat' dir='ltr'><strong>tertiam</strong></span> <span class='ocrx_word' id='word_1_235' title='bbox 857 3063 1150 3147; x_wconf 87' lang='lat' dir='ltr'><strong>interpretationem</strong></span> <span class='ocrx_word' id='word_1_236' title='bbox 1171 3081 1266 3128; x_wconf 89' lang='lat' dir='ltr'><strong>nemo</strong></span> <span class='ocrx_word' id='word_1_237' title='bbox 1288 3083 1362 3146; x_wconf 93' lang='lat' dir='ltr'><strong>pro-</strong></span> 
     </span>
     <span class='ocr_line' id='line_1_28' title="bbox 208 3160 1363 3249; baseline 0.002 -22"><span class='ocrx_word' id='word_1_238' title='bbox 208 3163 281 3229; x_wconf 89' lang='lat' dir='ltr'><strong>tulit</strong></span> <span class='ocrx_word' id='word_1_239' title='bbox 301 3183 361 3230; x_wconf 90' lang='lat' dir='ltr'><strong>neo</strong></span> <span class='ocrx_word' id='word_1_240' title='bbox 382 3165 524 3247; x_wconf 87' lang='lat' dir='ltr'><strong>proferre</strong></span> <span class='ocrx_word' id='word_1_241' title='bbox 546 3163 654 3249; x_wconf 84' lang='lat' dir='ltr'><strong>possit.</strong></span> <span class='ocrx_word' id='word_1_242' title='bbox 692 3164 776 3231; x_wconf 84' lang='lat' dir='ltr'><strong>Nam</strong></span> <span class='ocrx_word' id='word_1_243' title='bbox 799 3185 870 3231; x_wconf 91' lang='lat' dir='ltr'><strong>cum</strong></span> <span class='ocrx_word' id='word_1_244' title='bbox 892 3166 977 3233; x_wconf 91' lang='lat' dir='ltr'><strong>intra</strong></span> <span class='ocrx_word' id='word_1_245' title='bbox 993 3164 1155 3231; x_wconf 86' lang='lat' dir='ltr'><strong>Arcadum</strong></span> <span class='ocrx_word' id='word_1_246' title='bbox 1176 3163 1256 3230; x_wconf 86' lang='lat' dir='ltr'><strong>fines</strong></span> <span class='ocrx_word' id='word_1_247' title='bbox 1276 3160 1363 3229; x_wconf 82' lang='grc' dir='ltr'><strong><em>Ἑλί-</em></strong></span> 
     </span>
     <span class='ocr_line' id='line_1_29' title="bbox 209 3263 1364 3351; baseline 0.003 -23"><span class='ocrx_word' id='word_1_248' title='bbox 209 3287 270 3340; x_wconf 82' lang='grc' dir='ltr'><strong>κας</strong></span> <span class='ocrx_word' id='word_1_249' title='bbox 292 3263 365 3351; x_wconf 85' lang='grc' dir='ltr'><strong><em>ῥίον</em></strong></span> <span class='ocrx_word' id='word_1_250' title='bbox 388 3267 605 3346; x_wconf 88' lang='lat' dir='ltr'><strong>quaerendum</strong></span> <span class='ocrx_word' id='word_1_251' title='bbox 631 3265 688 3349; x_wconf 88' lang='lat' dir='ltr'><strong>sit,</strong></span> <span class='ocrx_word' id='word_1_252' title='bbox 715 3265 803 3331; x_wconf 91' lang='lat' dir='ltr'><strong>aliud</strong></span> <span class='ocrx_word' id='word_1_253' title='bbox 832 3287 947 3334; x_wconf 91' lang='lat' dir='ltr'><strong>nomen</strong></span> <span class='ocrx_word' id='word_1_254' title='bbox 970 3287 1033 3333; x_wconf 90' lang='lat' dir='ltr'><strong>non</strong></span> <span class='ocrx_word' id='word_1_255' title='bbox 1056 3267 1188 3334; x_wconf 84' lang='lat' dir='ltr'><strong>offertur</strong></span> <span class='ocrx_word' id='word_1_256' title='bbox 1214 3265 1276 3331; x_wconf 89' lang='lat' dir='ltr'><strong>nisi</strong></span> <span class='ocrx_word' id='word_1_257' title='bbox 1298 3267 1364 3351; x_wconf 85' lang='lat' dir='ltr'><strong>Ly·</strong></span> 
     </span>
     <span class='ocr_line' id='line_1_30' title="bbox 208 3364 1363 3452; baseline 0.002 -22"><span class='ocrx_word' id='word_1_258' title='bbox 208 3364 317 3432; x_wconf 87' lang='lat' dir='ltr'><strong>caonis</strong></span> <span class='ocrx_word' id='word_1_259' title='bbox 345 3364 403 3431; x_wconf 90' lang='lat' dir='ltr'><strong>filii</strong></span> <span class='ocrx_word' id='word_1_260' title='bbox 431 3374 487 3433; x_wconf 86' lang='lat' dir='ltr'><strong>aut</strong></span> <span class='ocrx_word' id='word_1_261' title='bbox 515 3367 612 3434; x_wconf 89' lang='lat' dir='ltr'><strong>filiae.</strong></span> <span class='ocrx_word' id='word_1_262' title='bbox 661 3367 755 3433; x_wconf 88' lang='lat' dir='ltr'><strong>Illum</strong></span> <span class='ocrx_word' id='word_1_263' title='bbox 784 3374 890 3434; x_wconf 87' lang='lat' dir='ltr'><strong>autem</strong></span> <span class='ocrx_word' id='word_1_264' title='bbox 920 3389 992 3434; x_wconf 92' lang='lat' dir='ltr'><strong>cum</strong></span> <span class='ocrx_word' id='word_1_265' title='bbox 1017 3368 1177 3434; x_wconf 88' lang='lat' dir='ltr'><strong>sententia</strong></span> <span class='ocrx_word' id='word_1_266' title='bbox 1203 3365 1363 3452; x_wconf 87' lang='lat' dir='ltr'><strong>repudiet,</strong></span> 
     </span>
     <span class='ocr_line' id='line_1_31' title="bbox 206 3466 1363 3554; baseline 0.003 -23"><span class='ocrx_word' id='word_1_267' title='bbox 206 3466 279 3532; x_wconf 89' lang='lat' dir='ltr'><strong>sola</strong></span> <span class='ocrx_word' id='word_1_268' title='bbox 299 3472 400 3534; x_wconf 87' lang='lat' dir='ltr'><strong>restat</strong></span> <span class='ocrx_word' id='word_1_269' title='bbox 421 3467 513 3536; x_wconf 88' lang='lat' dir='ltr'><strong>haec.</strong></span> <span class='ocrx_word' id='word_1_270' title='bbox 549 3469 662 3552; x_wconf 88' lang='lat' dir='ltr'><strong>ltaque</strong></span> <span class='ocrx_word' id='word_1_271' title='bbox 677 3474 734 3534; x_wconf 88' lang='lat' dir='ltr'><strong>aot</strong></span> <span class='ocrx_word' id='word_1_272' title='bbox 748 3470 848 3536; x_wconf 89' lang='lat' dir='ltr'><strong>verba</strong></span> <span class='ocrx_word' id='word_1_273' title='bbox 860 3470 1002 3550; x_wconf 81' lang='lat' dir='ltr'><strong>graviter</strong></span> <span class='ocrx_word' id='word_1_274' title='bbox 1017 3478 1167 3554; x_wconf 86' lang='lat' dir='ltr'><strong>corrupta</strong></span> <span class='ocrx_word' id='word_1_275' title='bbox 1188 3468 1363 3535; x_wconf 87' lang='lat' dir='ltr'><strong>iudicanda</strong></span> 
     </span>
     <span class='ocr_line' id='line_1_32' title="bbox 206 3569 1362 3652; baseline 0.002 -18"><span class='ocrx_word' id='word_1_276' title='bbox 206 3573 282 3634; x_wconf 88' lang='lat' dir='ltr'><strong>sunt</strong></span> <span class='ocrx_word' id='word_1_277' title='bbox 295 3575 351 3635; x_wconf 90' lang='lat' dir='ltr'><strong>aut</strong></span> <span class='ocrx_word' id='word_1_278' title='bbox 366 3569 475 3652; x_wconf 88' lang='lat' dir='ltr'><strong>aliquo</strong></span> <span class='ocrx_word' id='word_1_279' title='bbox 492 3569 588 3637; x_wconf 93' lang='lat' dir='ltr'><strong>modo</strong></span> <span class='ocrx_word' id='word_1_280' title='bbox 603 3569 748 3637; x_wconf 88' lang='lat' dir='ltr'><strong>tollenda</strong></span> <span class='ocrx_word' id='word_1_281' title='bbox 763 3577 812 3638; x_wconf 89' lang='lat' dir='ltr'><strong>est</strong></span> <span class='ocrx_word' id='word_1_282' title='bbox 825 3571 910 3637; x_wconf 89' lang='lat' dir='ltr'><strong>iusta</strong></span> <span class='ocrx_word' id='word_1_283' title='bbox 924 3571 1076 3639; x_wconf 88' lang='lat' dir='ltr'><strong>Meinekii</strong></span> <span class='ocrx_word' id='word_1_284' title='bbox 1092 3572 1238 3638; x_wconf 87' lang='lat' dir='ltr'><strong>offensio.</strong></span> <span class='ocrx_word' id='word_1_285' title='bbox 1275 3570 1362 3637; x_wconf 91' lang='lat' dir='ltr'><strong>Illud</strong></span> 
     </span>
     <span class='ocr_line' id='line_1_33' title="bbox 206 3670 1361 3755; baseline 0.001 -20"><span class='ocrx_word' id='word_1_286' title='bbox 206 3675 241 3735; x_wconf 87' lang='lat' dir='ltr'><strong>ut</strong></span> <span class='ocrx_word' id='word_1_287' title='bbox 262 3671 434 3752; x_wconf 86' lang='lat' dir='ltr'><strong>iaciamus,</strong></span> <span class='ocrx_word' id='word_1_288' title='bbox 463 3689 526 3736; x_wconf 93' lang='lat' dir='ltr'><strong>non</strong></span> <span class='ocrx_word' id='word_1_289' title='bbox 553 3678 602 3738; x_wconf 88' lang='lat' dir='ltr'><strong>est</strong></span> <span class='ocrx_word' id='word_1_290' title='bbox 621 3670 739 3739; x_wconf 87' lang='lat' dir='ltr'><strong>idonea</strong></span> <span class='ocrx_word' id='word_1_291' title='bbox 761 3691 873 3739; x_wconf 88' lang='lat' dir='ltr'><strong>causa:</strong></span> <span class='ocrx_word' id='word_1_292' title='bbox 902 3674 1000 3740; x_wconf 95' lang='lat' dir='ltr'><strong>immo</strong></span> <span class='ocrx_word' id='word_1_293' title='bbox 1028 3673 1207 3742; x_wconf 87' lang='lat' dir='ltr'><strong>sententiae</strong></span> <span class='ocrx_word' id='word_1_294' title='bbox 1235 3671 1361 3755; x_wconf 73' lang='lat' dir='ltr'><strong>radolii,</strong></span> 
     </span>
     <span class='ocr_line' id='line_1_34' title="bbox 206 3766 1360 3861; baseline 0.003 -25"><span class='ocrx_word' id='word_1_295' title='bbox 206 3770 236 3836; x_wconf 92' lang='lat' dir='ltr'><strong>si</strong></span> <span class='ocrx_word' id='word_1_296' title='bbox 257 3790 329 3838; x_wconf 90' lang='lat' dir='ltr'><strong>cum</strong></span> <span class='ocrx_word' id='word_1_297' title='bbox 344 3771 519 3838; x_wconf 84' lang='lat' dir='ltr'><strong>Fritusohio</strong></span> <span class='ocrx_word' id='word_1_298' title='bbox 543 3773 622 3839; x_wconf 91' lang='grc' dir='ltr'><strong><em>λίπε</em></strong></span> <span class='ocrx_word' id='word_1_299' title='bbox 637 3773 710 3861; x_wconf 87' lang='grc' dir='ltr'><strong><em>ῥίον</em></strong></span> <span class='ocrx_word' id='word_1_300' title='bbox 731 3775 763 3840; x_wconf 96' lang='lat' dir='ltr'><strong>in</strong></span> <span class='ocrx_word' id='word_1_301' title='bbox 779 3766 854 3839; x_wconf 77' lang='grc' dir='ltr'><strong><em>λίπ’</em></strong></span> <span class='ocrx_word' id='word_1_302' title='bbox 872 3766 967 3860; x_wconf 78' lang='grc' dir='ltr'><strong><em>ἠρίον</em></strong></span> <span class='ocrx_word' id='word_1_303' title='bbox 976 3772 999 3858; x_wconf 90' lang='lat'><strong>¹)</strong></span> <span class='ocrx_word' id='word_1_304' title='bbox 1021 3784 1180 3843; x_wconf 89' lang='lat' dir='ltr'><strong>mutamus</strong></span> <span class='ocrx_word' id='word_1_305' title='bbox 1201 3773 1360 3858; x_wconf 86' lang='lat' dir='ltr'><strong>intellegi·</strong></span> 
     </span>
    </p>
   </div>
   <div class='ocr_carea' id='block_1_7' title="bbox 208 3873 411 3883">
    <p class='ocr_par' dir='ltr' id='par_1_7' title="bbox 208 3873 411 3883">
     <span class='ocr_line' id='line_1_35' title="bbox 208 3873 411 3883; baseline 0 -1"><span class='ocrx_word' id='word_1_306' title='bbox 208 3873 411 3883; x_wconf 41' lang='grc' dir='ltr'><strong>ψ*</strong></span> 
     </span>
    </p>
   </div>
   <div class='ocr_carea' id='block_1_8' title="bbox 206 3921 1362 4165">
    <p class='ocr_par' dir='ltr' id='par_1_8' title="bbox 206 3921 1362 4165">
     <span class='ocr_line' id='line_1_36' title="bbox 294 3921 1362 3997; baseline 0.002 -20"><span class='ocrx_word' id='word_1_307' title='bbox 294 3927 319 3988; x_wconf 80' lang='lat' dir='ltr'><strong>ll</strong></span> <span class='ocrx_word' id='word_1_308' title='bbox 337 3921 404 3996; x_wconf 84' lang='grc' dir='ltr'><strong><em>ῥίον</em></strong></span> <span class='ocrx_word' id='word_1_309' title='bbox 421 3921 549 3979; x_wconf 77' lang='lat' dir='ltr'><strong>callistus</strong></span> <span class='ocrx_word' id='word_1_310' title='bbox 573 3924 638 3994; x_wconf 88' lang='lat' dir='ltr'><strong>qnid</strong></span> <span class='ocrx_word' id='word_1_311' title='bbox 660 3926 708 3994; x_wconf 88' lang='lat' dir='ltr'><strong>sit,</strong></span> <span class='ocrx_word' id='word_1_312' title='bbox 729 3925 803 3980; x_wconf 89' lang='lat' dir='ltr'><strong>baud</strong></span> <span class='ocrx_word' id='word_1_313' title='bbox 826 3925 908 3980; x_wconf 84' lang='lat' dir='ltr'><strong>facile</strong></span> <span class='ocrx_word' id='word_1_314' title='bbox 931 3925 1015 3981; x_wconf 87' lang='lat' dir='ltr'><strong>dicas.</strong></span> <span class='ocrx_word' id='word_1_315' title='bbox 1056 3927 1138 3997; x_wconf 78' lang='lat' dir='ltr'><strong>dplov</strong></span> <span class='ocrx_word' id='word_1_316' title='bbox 1159 3928 1263 3990; x_wconf 82' lang='lat' dir='ltr'><strong>autem,</strong></span> <span class='ocrx_word' id='word_1_317' title='bbox 1288 3925 1362 3992; x_wconf 89' lang='lat' dir='ltr'><strong>quod</strong></span> 
     </span>
     <span class='ocr_line' id='line_1_37' title="bbox 208 4005 1360 4084; baseline 0.005 -26"><span class='ocrx_word' id='word_1_318' title='bbox 208 4005 334 4062; x_wconf 78' lang='lat' dir='ltr'><strong>Meinelre</strong></span> <span class='ocrx_word' id='word_1_319' title='bbox 357 4007 436 4062; x_wconf 86' lang='lat' dir='ltr'><strong>nixus</strong></span> <span class='ocrx_word' id='word_1_320' title='bbox 460 4007 611 4063; x_wconf 77' lang='lat' dir='ltr'><strong>Pausaniae</strong></span> <span class='ocrx_word' id='word_1_321' title='bbox 640 4009 821 4079; x_wconf 81' lang='lat' dir='ltr'><strong>descriptione</strong></span> <span class='ocrx_word' id='word_1_322' title='bbox 844 4009 920 4075; x_wconf 78' lang='lat' dir='ltr'><strong>(vul</strong></span> <span class='ocrx_word' id='word_1_323' title='bbox 944 4016 990 4077; x_wconf 82' lang='lat'><strong>35,</strong></span> <span class='ocrx_word' id='word_1_324' title='bbox 1015 4015 1039 4078; x_wconf 85' lang='lat'><strong>8)</strong></span> <span class='ocrx_word' id='word_1_325' title='bbox 1063 4024 1143 4079; x_wconf 85' lang='lat' dir='ltr'><strong>quam</strong></span> <span class='ocrx_word' id='word_1_326' title='bbox 1171 4005 1254 4084; x_wconf 79' lang='grc' dir='ltr'><strong><em>ἠρίον</em></strong></span> <span class='ocrx_word' id='word_1_327' title='bbox 1276 4010 1360 4065; x_wconf 87' lang='lat' dir='ltr'><strong>scribi</strong></span> 
     </span>
     <span class='ocr_line' id='line_1_38' title="bbox 206 4091 1075 4165; baseline 0.009 -22"><span class='ocrx_word' id='word_1_328' title='bbox 206 4091 303 4146; x_wconf 86' lang='lat' dir='ltr'><strong>maluit</strong></span> <span class='ocrx_word' id='word_1_329' title='bbox 320 4096 347 4146; x_wconf 92' lang='lat' dir='ltr'><strong>et</strong></span> <span class='ocrx_word' id='word_1_330' title='bbox 363 4091 490 4161; x_wconf 74' lang='lat' dir='ltr'><strong>Hemnng</strong></span> <span class='ocrx_word' id='word_1_331' title='bbox 506 4094 631 4162; x_wconf 84' lang='lat' dir='ltr'><strong>arripuit,</strong></span> <span class='ocrx_word' id='word_1_332' title='bbox 649 4094 683 4149; x_wconf 84' lang='lat' dir='ltr'><strong>da</strong></span> <span class='ocrx_word' id='word_1_333' title='bbox 700 4095 804 4149; x_wconf 86' lang='lat' dir='ltr'><strong>tumulo</strong></span> <span class='ocrx_word' id='word_1_334' title='bbox 822 4094 924 4149; x_wconf 84' lang='lat' dir='ltr'><strong>dictum</strong></span> <span class='ocrx_word' id='word_1_335' title='bbox 941 4095 1075 4165; x_wconf 82' lang='lat' dir='ltr'><strong>displicet.</strong></span> 
     </span>
    </p>
   </div>
   <div class='ocr_carea' id='block_1_9' title="bbox 0 0 1499 4728">
    <p class='ocr_par' dir='ltr' id='par_1_9' title="bbox 0 0 1499 4728">
     <span class='ocr_line' id='line_1_39' title="bbox 0 0 1499 4728; baseline 0 0"><span class='ocrx_word' id='word_1_336' title='bbox 0 0 1499 4728; x_wconf 95' lang='lat' dir='ltr'><strong> </strong></span> 
     </span>
    </p>
   </div>
  </div>
 </body>
</html>
