2958 4734
239 249 300 308 256
677 244 844 300 Reiuholdus
862 243 953 299 Franz

239 420 295 503 qui
322 419 425 487 Ursae
456 418 581 503 siguum
614 417 721 484 animo
750 422 865 502 poetae
888 418 1093 484 obversatum
1116 435 1188 484 esse
1216 414 1408 498 crederent,

240 520 414 590 Hermauui
427 519 452 606 ¹)
474 519 546 586 dico
569 525 601 587 et
617 517 795 602 Schmidtii,
818 519 872 585 vel
894 538 935 586 ex
958 517 1005 586 eis
1021 522 1166 604 apparet,
1189 537 1272 600 quae
1287 516 1405 583 adhuc

241 623 411 708 disputavi.
456 621 522 689 Sed
542 640 584 688 ue
607 619 678 702 quis
702 619 856 687 incertam
885 621 1071 690 memoriam
1093 620 1230 702 obiciat,
1260 618 1405 682 alterum

241 743 377 807 quoquc,
401 723 488 808 quod
510 721 653 787 eiusdem
676 721 871 790 condicionis
893 728 951 806 est,
973 722 1151 808 cuempiam
1173 726 1300 807 oportet
1325 740 1402 804 spe-

241 833 329 895 ctare
351 826 399 892 sic
421 823 511 891 libris
533 824 700 891 traditum:

370 919 410 991 ἅν
434 930 470 990 τέ
492 917 571 990 ποτ’
590 919 750 1011 ’Ἄρτεμις
773 922 1005 1008 ἐξεχορεύσατο
1016 923 1042 1008 ²)

367 1018 582 1114 χρυσοκέρατ’
609 1025 733 1114 ἔλαφον
757 1029 923 1113 Μέροπος
947 1025 1110 1092 Τιτανίδα
1131 1024 1252 1109 κούραν

369 1127 574 1205 καλλοσύνας
596 1126 717 1193 ἕνεκεν·

242 1237 327 1302 Num
342 1234 466 1316 integra
488 1231 569 1297 haec
583 1231 655 1314 sint,
678 1230 775 1298 valde
790 1228 918 1312 dubito;
941 1250 1005 1296 non
1028 1229 1114 1310 quod
1132 1249 1203 1295 cum
1220 1227 1404 1297 Schmidtio

242 1337 375 1404 verbum
404 1332 583 1401 desiderem
605 1331 705 1397 -id
734 1330 820 1399 euim
847 1330 924 1395 licet
952 1351 993 1396 ex
1023 1331 1069 1398 eis
1093 1352 1176 1414 quae
1204 1331 1404 1399 antecedunt

243 1439 337 1505 simul
359 1434 471 1502 audire
487 1471 538 1515 —‚
561 1433 618 1500 sed
642 1432 718 1515 quia
738 1432 839 1499 verba
861 1435 1067 1518 Μέροπος
1093 1431 1255 1498 Τιτανίδα
1277 1431 1402 1520 κούραν

244 1540 285 1607 cb
306 1539 499 1620 singularem
521 1534 706 1600 memoriam
730 1542 880 1619 suspecta
901 1538 983 1600 suut.
1031 1535 1166 1612 Τιτανὶς
1189 1536 1274 1602 enim
1297 1533 1402 1620 κούρα

243 1642 276 1706 in
299 1659 458 1706 cervam
486 1637 643 1704 auratis
672 1637 820 1704 cornibus
848 1637 1007 1720 insignem
1036 1641 1159 1703 mutata
1185 1637 1272 1703 haud
1301 1636 1403 1704 dubie

244 1739 462 1824 intellegenda
477 1746 526 1806 est
547 1739 731 1804 Atlantis
752 1738 820 1805 filia
835 1739 1019 1822 Taygete
1030 1738 1072 1823 ³),
1093 1739 1198 1824 neptis
1213 1739 1317 1824 Iapeti
1333 1740 1400 1806 'Pi-

246 1841 402 1927 caniet),
425 1840 466 1908 de
489 1860 551 1922 qua
573 1840 672 1907 schol.
689 1839 732 1905 ad
753 1839 1117 1922 Pind.01.11153(29)
1138 1841 1219 1908 haec
1240 1841 1399 1909 referunt:

246 1939 265 2031 ἡ
285 1947 433 2030 Ταϋγέτη
456 1938 476 2030 ἡ
492 1946 553 2008 τοῦ
564 1936 745 2019 ’Ἀτλαντος
760 1940 922 2030 θυγάτηρ,
944 1934 1060 2030 ἥντινα
1075 1939 1161 2019 Διὸς
1174 1942 1403 2028 βουληθέντος

246 2045 439 2131 βιάσασθαι
467 2045 516 2122 εἰς
538 2044 664 2132 ἔλαφον
686 2044 865 2128 μετέβαλεν
886 2039 905 2128 ἡ
923 2037 1099 2130 Ἄρτεμις,
1131 2039 1204 2110 εἶτα
1226 2043 1330 2110 πάλιν
1354 2044 1402 2122 εἷς

334 2218 359 2279 1)
375 2213 466 2267 Herm.
480 2212 550 2268 coni.
569 2205 587 2269 οἳ
605 2215 732 2284 μορφᾶς
749 2215 849 2285 θηρῶν
867 2213 1047 2284 λαχνογυίων
1066 2207 1172 2281 ὄμματι
1189 2209 1288 2288 λάβρῳ
1307 2217 1401 2285 σχῆμα

247 2299 393 2378 ducissae,
410 2289 580 2364 ἐξαλλάξασ’
598 2293 703 2368 ἄχθεα
721 2292 815 2369 λύττης,
833 2312 904 2366 quac
922 2297 962 2352 sic
974 2296 1070 2352 vertit:
1085 2291 1173 2365 ‘Quae
1190 2298 1294 2353 formae
1310 2299 1399 2354 hirsu-

246 2389 336 2438 rarum
352 2381 473 2438 ferarum
494 2383 611 2453 speciem
631 2383 706 2450 largo
724 2383 804 2437 oculo
828 2381 926 2448 defles,
951 2385 1116 2438 commutato
1141 2383 1259 2450 pondere
1283 2378 1400 2439 doloris?

248 2469 314 2524 Cum
326 2468 451 2523 universa
463 2468 597 2524 taumatia
613 2467 681 2522 haec
699 2481 820 2536 pugnare
837 2469 891 2522 iam
903 2468 1007 2522 monuit
1019 2466 1190 2534 Herwerdeu,
1204 2461 1281 2523 ‘Mei
1295 2462 1401 2524 Graux’

247 2570 274 2622 p.
296 2557 357 2620 1943
382 2568 444 2607 nam
458 2545 597 2608 ‘Callisto‘
620 2552 708 2621 iuquit
721 2545 808 2606 ‘Leda
826 2553 910 2607 multo
929 2551 1034 2607 felicior
1051 2553 1086 2607 ab
1104 2552 1206 2608 Helena
1229 2553 1402 2622 praedicatur

247 2653 302 2692 non
320 2636 355 2691 ob
373 2637 453 2692 aliam
471 2652 594 2700 causam,
612 2637 709 2702 credo,
733 2651 813 2704 quam
831 2635 903 2704 quod
924 2636 953 2691 iu
976 2651 1067 2690 ursam
1089 2651 1218 2692 conversa
1240 2637 1400 2706 perdidisset

247 2721 380 2776 malcrum
397 2722 551 2776 memoriam
568 2726 597 2777 et
614 2714 825 2776 conscientiam?

334 2810 360 2872 2)
385 2805 524 2861 Hermann
549 2806 700 2862 adnotavit:
728 2797 959 2877 ’Ἐξεχορεύοατο
985 2807 1136 2875 comparari
1163 2810 1254 2875 potest
1276 2823 1337 2862 cum
1360 2823 1399 2876 eo,

248 2890 321 2960 quod
342 2889 415 2960 apud
433 2889 509 2946 Orid.
528 2891 594 2947 Met.
612 2891 639 2946 H
657 2895 707 2945 465
726 2889 837 2945 Callisto
861 2891 973 2958 experta
995 2895 1049 2944 est:
1073 2890 1181 2959 deque
1207 2907 1275 2946 suc
1296 2892 1399 2948 iussit

248 2977 408 3032 secedere
430 2977 550 3030 coetu!
584 2976 709 3044 Hartung
731 2975 811 3030 istam
833 2973 971 3029 notionem
995 2980 1076 3042 negat
1099 2989 1180 3043 porse
1204 2977 1285 3032 verbo
1310 2979 1398 3034 tribui.

248 3061 334 3116 Recte
351 3059 476 3116 formose.
512 3062 606 3130 Neque
624 3061 695 3115 cuim
713 3075 774 3113 cum
792 3059 874 3114 verba
890 3073 908 3112 a
924 3059 1126 3128 praepositione
1143 3056 1175 3115 ἐκ
1199 3058 1229 3128 ἐξ
1245 3062 1399 3133 incipientia

248 3145 422 3214 perlustrari,
440 3145 525 3200 ullum
542 3145 651 3215 repperi
666 3143 830 3212 exemplum,
854 3143 926 3212 quod
943 3159 1055 3212 prorsus
1078 3144 1271 3212 responderet:
1294 3150 1399 3219 saepius

249 3230 321 3283 hauc
332 3228 469 3284 notionem
480 3230 608 3286 exhibent
620 3243 689 3298 quae
705 3228 734 3282 in
747 3231 811 3296 -ιζο
828 3227 873 3294 (ci.
887 3225 1016 3301 ἐξορίζω,
1034 3227 1172 3297 ἐξοικίζο,
1189 3229 1334 3301 ἐξυπνίζο,
1346 3236 1398 3302 ai),

248 3328 442 3384 nonnunquam
454 3314 563 3383 quaein
578 3333 635 3369 -οω
652 3311 695 3380 (cf.
709 3309 902 3380 ἐκταλαντόο,
914 3309 1097 3386 caryanda),
1110 3330 1256 3384 uunquam,
1273 3325 1398 3386 quantum

249 3398 312 3467 vidi,
331 3413 400 3468 quae
417 3398 446 3454 iu
463 3419 533 3457 -εοον
551 3402 659 3454 exeunt.
689 3398 830 3468 Itaque'iu
847 3398 1049 3468 interpretando
1062 3399 1163 3454 rectius
1176 3401 1398 3469 proficiscendum

250 3483 357 3539 ridetur
369 3500 385 3539 a
396 3485 514 3553 generali
525 3483 636 3539 notione
647 3482 815 3550 agitandi,
833 3499 914 3552 quam
923 3479 1056 3556 χορεύειν
1071 3485 1153 3540 habet
1170 3485 1199 3539 in
1211 3485 1306 3557 Eurip.
1318 3488 1396 3545 Herc.

251 3568 270 3623 i.
290 3572 339 3623 871
358 3574 385 3624 et
403 3573 461 3626 879.
496 3569 571 3638 Quae
589 3567 713 3636 Hartuug
730 3568 873 3638 proposuit
889 3569 1008 3624 refutare
1026 3569 1199 3639 superfluum.

336 3657 362 3721 3)
379 3654 458 3710 Hauc
475 3657 625 3722 agnoscunt
641 3651 762 3708 Schmidt
780 3655 808 3707 et
824 3652 1044 3709 Robert-Prellcr
1060 3655 1085 3708 Ι*
1103 3672 1129 3724 p.
1149 3658 1199 3709 306
1216 3656 1279 3711 adn.
1298 3660 1323 3712 3.
1345 3660 1397 3714 Alii

250 3738 371 3794 fabulam
388 3740 423 3794 ad
440 3738 560 3808 Meropis
578 3737 627 3793 Coi
649 3735 732 3792 filiam
754 3737 934 3804 transferunt,
958 3740 1031 3794 velut
1047 3740 1172 3810 Hartuug
1190 3743 1218 3795 et
1235 3741 1347 3798 Kuaack
1369 3744 1396 3799 iu

251 3823 361 3891 Quaest.
379 3824 494 3880 Phaeth.
512 3841 540 3893 p.
559 3827 600 3889 20,
618 3823 696 3890 falso,
713 3823 777 3893 quia
794 3823 862 3878 haec
879 3838 930 3878 uec
952 3827 1063 3892 Τιτανὶς
1080 3831 1139 3882 erat
1152 3839 1202 3882 uec
1218 3830 1323 3883 mutata
1338 3844 1395 3885 esse

254 3913 389 3963 narratur.

339 3995 364 4060 4)
381 3991 423 4048 De
441 3993 493 4049 hoc
511 3991 547 4049 ci.
566 3992 630 4049 Hes.
649 3993 750 4062 Theop.
772 3995 829 4048 134.
844 3996 901 4048 207.
948 4023 953 4033 ι
