2958 4734
555 251 863 321 casamassancia.
1223 268 1284 328 265

125 434 261 503 Hesiodi
282 455 397 503 nomen
411 435 492 502 XIII
508 439 525 500 3
549 436 804 522 restringendum
819 442 867 504 est
882 436 925 503 ad
939 438 1009 505 sola
1024 438 1125 504 verba
1138 438 1285 522 proxima

121 532 268 621 ‘patruus
284 528 367 606 eius'
390 573 431 584 -
453 537 617 604 Priamum
640 538 724 605 enim
747 539 923 606 Memnonis
945 545 1093 624 patruum
1115 541 1284 624 perhibere

123 639 181 705 ille
201 638 314 722 potuit,
337 638 495 721 siquidem
515 639 633 708 Troum
654 640 846 726 genealogia
862 641 927 706 iam
948 639 983 705 in
1000 640 1112 723 Iliade,
1136 644 1284 722 quamvis

123 740 157 806 in
172 747 263 824 parte
278 740 420 822 quadam
439 742 626 824 recentiore,
643 749 671 806 Y
690 745 753 807 236
765 761 835 826 sqq.
850 744 977 828 prolata
991 747 1041 808 est
1055 777 1106 825 —,
1129 742 1187 809 sed
1202 744 1248 809 IV
1263 751 1281 808 5

122 841 341 909 revocandum
372 850 420 910 est
455 843 498 910 ad
527 843 748 928 genealogiam
784 842 818 908 in
846 843 952 929 capite
985 850 1282 929 commemoratam

122 964 199 1010 nam
229 964 270 1010 ex
299 962 362 1025 quo
383 946 567 1012 Leucothoe
594 964 695 1029 genus
726 943 814 1012 ducit
848 945 962 1012 Belum
991 945 1124 1028 eiusque
1151 952 1281 1030 gentem

121 1046 266 1115 Hesiodo
288 1066 353 1113 uon
374 1045 501 1130 ignotos
523 1045 622 1112 fuisse
644 1067 686 1112 ex
700 1044 801 1112 Gatal.
825 1049 1002 1128 fragmento
1019 1044 1074 1129 (45
1091 1047 1172 1131 Ra),
1196 1050 1282 1131 quod

122 1148 241 1216 Strabo
261 1141 412 1228 servarit,
435 1147 596 1214 discimus.
636 1148 687 1212 Ex
702 1147 752 1212 his
771 1147 836 1214 iam
857 1147 936 1215 satis
956 1148 1132 1215 luculenter
1148 1160 1282 1235 apparet

121 1248 205 1316 illud
227 1249 313 1316 unde
335 1248 471 1332 profecti
492 1267 600 1314 sumus
629 1248 846 1315 testimonium
874 1249 921 1314 ita
948 1252 1071 1314 tantum
1095 1269 1165 1317 esse
1198 1254 1279 1318 acci-

121 1351 287 1436 plendum,
310 1355 345 1415 ut
366 1349 623 1416 inGallistus
645 1351 788 1417 fabula
809 1350 1000 1417 credatur
1020 1350 1156 1420 inesse
1178 1353 1283 1436 quod

121 1452 172 1520 ad
195 1451 415 1520 Hesiodum
437 1451 592 1535 redeat;
616 1452 710 1533 quid
732 1452 888 1535 redeat,
911 1451 1200 1520 inveniendum
1222 1460 1282 1521 est

124 1554 252 1621 collatis
275 1553 348 1620 aliis
370 1552 561 1621 testimoniis
581 1552 760 1621 indiciisve.

208 1655 358 1722 Narratio
373 1655 454 1739 ipsa,
469 1654 497 1720 si
511 1659 613 1721 totam
627 1660 763 1738 spectas,
786 1673 915 1721 seram
931 1655 1079 1721 clamat
1094 1659 1280 1747 aetatem,

123 1758 209 1824 Nam
221 1760 356 1842 primum
366 1755 493 1822 Arcade
503 1775 603 1840 puero
614 1756 658 1822 ad
669 1756 792 1822 caelum
804 1756 958 1822 translato
970 1756 1121 1840 eponymi
1130 1762 1279 1825 naturam

121 1860 280 1943 neglegit;
297 1857 425 1940 deinde,
441 1877 512 1922 cum
525 1856 622 1923 etiarn
636 1857 679 1923 ad
691 1858 807 1925 Ursam
822 1856 986 1938 minorem,
1002 1863 1038 1921 ut
1051 1857 1134 1925 infra
1148 1857 1277 1926 demon-

120 1962 242 2044 strabo,
263 1959 431 2045 pertineat,
453 1978 584 2026 necesse
607 1963 677 2025 orta
699 1957 741 2026 sit
762 1964 836 2043 post
849 1957 1019 2024 Thaletem
1037 1957 1206 2043 Milesium,
1229 1959 1279 2025 cui

121 2062 227 2130 Ursae
249 2060 382 2128 miuoris
404 2059 552 2127 notitiam
574 2059 715 2128 Graecos
741 2059 860 2127 debere
885 2065 1009 2127 veteres
1032 2059 1233 2127 consentiunt
1246 2063 1278 2144 ¹);

120 2164 261 2245 denique
289 2162 344 2244 qui
373 2161 441 2230 eius
468 2160 565 2230 finem
593 2163 713 2229 faciunt
748 2159 959 2228 catasterismi
986 2160 1279 2230 Alexandrinorum

118 2264 229 2334 studia
250 2263 396 2349 produnt.
441 2263 501 2330 His
522 2264 712 2330 narrationis
736 2261 863 2329 indiciis
891 2261 1077 2330 addendum
1105 2268 1154 2329 est
1183 2263 1278 2346 quod,

119 2387 194 2434 cum
217 2365 388 2449 Euripides
403 2365 560 2430 Helenam
583 2363 745 2446 scriberet,
769 2364 902 2430 Callisto
926 2384 998 2430 cum
1021 2363 1115 2429 astris
1137 2363 1279 2431 nondum

119 2467 291 2536 coniuncta
313 2471 391 2532 erat.
428 2465 587 2547 Sequitur,
609 2468 645 2529 ut
667 2462 800 2530 Hesiodi
818 2464 1032 2547 Astronomia,
1056 2461 1084 2528 si
1107 2461 1278 2530 datmteri-

119 2589 261 2636 smorum
272 2566 487 2633 narrationem
500 2565 691 2648 continebat,
707 2563 838 2634 falsario
848 2563 1068 2632 Alexandrino
1083 2565 1279 2648 assIgnanda

118 2672 172 2739 sit.
215 2669 258 2734 Et
279 2669 342 2735 hoc
363 2674 398 2733 ut
419 2673 611 2750 statuerent,
634 2666 777 2734 nonnulli
804 2668 954 2734 commoti
976 2673 1057 2733 sunt.
1101 2667 1171 2750 Ego
1200 2686 1277 2736 vcro

119 2774 154 2840 in
177 2771 332 2856 epimetro
355 2769 507 2838 mesatis
530 2769 736 2856 probaturum
754 2789 849 2854 spero
864 2788 992 2836 carmen
1015 2769 1095 2835 illud
1110 2775 1186 2836 ante
1208 2789 1276 2838 sae-

120 2875 226 2942 culum
249 2873 278 2938 V
299 2871 509 2956 compositum
532 2889 611 2938 esse.
654 2872 740 2954 Ergo
768 2869 1047 2938 catasterismi
1080 2891 1159 2936 non
1186 2890 1277 2955 pos·

105 2981 213 3042 -sunt
234 2973 282 3040 ad
303 2971 526 3040 Hesiodum
548 2971 747 3054 revocari,
774 2971 831 3037 sed
854 2973 948 3037 huius
975 2990 1091 3037 nomen
1118 2970 1152 3034 in
1176 2972 1276 3052 Argu·

117 3157 146 3212 11
155 3159 205 3211 592
218 3156 317 3212 dicitur
325 3155 456 3226 ‘patmum
472 3159 619 3211 temerasse
637 3147 748 3221 eubile’‚
766 3156 796 3208 at
812 3153 840 3206 in
852 3152 969 3220 epitome
980 3150 1118 3204 inducitur
1130 3143 1277 3221 φεύγουσα

118 3240 174 3299 τὸν
197 3245 249 3298 τοῦ
273 3236 385 3310 πατρὸς
409 3235 518 3313 ἔρωτα,
543 3242 686 3308 unamque
708 3237 829 3292 fabulam
857 3236 939 3291 habet
956 3233 1116 3289 Lactantius
1140 3233 1185 3299 (ad
1207 3235 1275 3290 Stat.

118 3326 206 3382 Theb.
216 3325 257 3379 Ill
266 3331 334 3394 507),
345 3325 434 3396 quiex
444 3322 641 3382 commentariis
651 3321 789 3377 Ouidianis
804 3319 979 3387 (indictanon
988 3317 1094 3384 desunt,
1105 3318 1140 3376 ci.
1150 3318 1277 3376 Foerster

117 3411 170 3466 1.1.
188 3427 216 3480 p.
227 3414 288 3476 290)
304 3414 362 3465 tam
379 3410 468 3479 potuit
484 3408 594 3464 haurire
617 3422 697 3476 quam
715 3422 749 3462 ex
763 3405 925 3474 VergilianIs
942 3403 1043 3460 hausit.
1075 3403 1277 3473 Neglegentiam

117 3496 238 3551 auctoris
256 3496 385 3564 epitomes
404 3509 469 3548 eave
485 3492 514 3547 iu
536 3507 568 3546 eo
590 3507 738 3562 agnetem,
761 3491 834 3560 quod
857 3504 891 3546 ex
916 3490 975 3545 eius
997 3488 1153 3544 uenatione
1171 3489 1276 3558 synna,

117 3593 190 3650 quae
207 3579 281 3648 apud
300 3577 423 3633 OridIum
441 3577 521 3644 (1701
533 3580 602 3646 squ)
626 3593 687 3631 cum
704 3575 739 3630 ad
756 3590 861 3630 amnem
878 3573 999 3644 pervenit
1016 3577 1148 3640 mutatur,
1166 3572 1206 3638 εἰς
1223 3568 1278 3628 τὸν

117 3659 256 3732 ποταμὸν
268 3660 356 3733 αὑτὴν
374 3656 504 3734 &papea
522 3661 604 3717 immo
621 3661 719 3714 iterum
736 3658 864 3728 praetudt
881 3658 990 3713 fabulae
1008 3657 1121 3712 formam
1139 3674 1190 3714 suo
1207 3661 1276 3712 tem·

117 3763 186 3817 pore
203 3746 388 3815 vulgatiorem,
406 3745 442 3800 ci.
462 3745 546 3812 long.
564 3744 592 3798 ΙΙ
610 3748 643 3798 34
660 3744 690 3809 ἐς
708 3740 832 3809 δόνακας
849 3740 1018 3816 κρύπτεται,
1041 3739 1071 3808 ἐς
1094 3738 1159 3806 ἕλος
1177 3735 1276 3813 dccvi·

118 3837 209 3902 ζεται,
227 3831 297 3886 th.
308 3829 369 3884 uas.
380 3829 446 3885 v111
455 3833 479 3896 6,
496 3827 587 3884 Nicet.
598 3828 667 3896 Eug.
677 3827 718 3882 llI
728 3831 787 3882 304.

207 3914 520 3981 perseuerantem
536 3917 568 3968 39
579 3937 612 3958 --
621 3913 689 3982 Hyg.
702 3911 871 3967 Astron.112
884 3927 911 3980 p.
922 3915 985 3975 33,9
1000 3911 1102 3976 Buntc;
1112 3908 1198 3965 schol.
1208 3909 1276 3965 Vsu.

118 4003 144 4056 A
165 4000 201 4056 ad
218 4001 315 4054 2487.

169 4091 288 4145 Lolpriger
302 4091 403 4136 Studien.
416 4090 465 4132 llll.
1091 4079 1122 4132 18
