2988 4728
257 298 321 358 354
694 293 863 349 Reinholdns
879 293 969 349 Franz

342 466 475 535 Hesiodi
497 466 598 552 ipsius
621 466 719 534 fuisse
742 484 870 532 carmen
893 465 990 532 hodie
1013 485 1140 549 quoque
1162 466 1216 548 qui
1238 467 1421 536 contendat

255 571 311 636 vix
327 569 395 637 erit.
420 566 486 636 Sed
501 590 542 636 ne
558 569 604 637 eis
621 567 761 652 quidem,
777 567 841 650 qui,
858 566 1001 634 Hesiodo
1019 573 1126 634 aetate
1141 567 1289 652 proximi,
1308 575 1419 638 artem

255 671 324 739 eius
347 677 380 740 et
401 671 565 752 ingenium
587 669 701 737 sedulo
729 670 948 753 sectabantur,
977 668 1038 735 hoc
1068 688 1197 737 carmen
1224 669 1301 737 licet
1329 671 1420 740 sicut

254 772 321 840 alia
336 771 501 840 Hesiodea
516 772 669 840 tribuere:
693 772 800 838 obstat
823 771 908 838 enim
929 770 1084 837 sermonis
1107 770 1269 852 quaedam
1292 771 1417 842 discre-

254 874 373 960 pantia.
424 874 573 957 Namque
602 879 634 940 ct
663 873 820 940 Homerus
849 880 881 939 et
904 871 1087 960 Hesiodus,
1116 891 1249 952 quorum
1272 875 1420 959 vostigIa

254 976 372 1060 premit
400 974 531 1060 Sappho
560 976 621 1059 Ing.
643 979 699 1058 52,
729 973 886 1057 Vergilias
919 993 1045 1058 semper
1075 982 1192 1040 vocant
1223 973 1417 1064 Πληιάδας,

254 1075 495 1154 Πελειάδας
524 1077 637 1145 eadem
667 1075 846 1144 constantia
874 1080 972 1160 poeta
1002 1075 1244 1145 astronomicus.
1288 1080 1414 1164 Perop-

253 1186 389 1265 portune
411 1185 519 1247 autom
541 1178 635 1246 nobis
657 1177 693 1244 id
715 1177 839 1260 cecidit,
863 1176 951 1261 quod
964 1176 1177 1262 Asclepiades
1201 1175 1235 1244 ἐν
1257 1181 1306 1264 aqi
1328 1185 1414 1266 περὶ

253 1284 311 1368 τῆς
339 1281 546 1366 Νεστορίδος
579 1281 680 1365 (apud
709 1279 783 1346 Ath.
813 1279 860 1344 XI
883 1282 945 1344 488
964 1277 1059 1363 sqq),
1082 1279 1291 1346 recentiorem
1325 1281 1415 1350 hano

253 1382 389 1451 formam
412 1391 446 1450 ut
467 1390 519 1449 sat
541 1383 706 1465 antiquam
730 1401 801 1448 esse
823 1381 1056 1466 comprobaret,
1087 1380 1228 1465 undique
1258 1385 1414 1468 exempla

254 1485 393 1568 collegit.
431 1487 661 1568 Interpretatus
684 1482 768 1550 enim
791 1481 984 1562 πελειάδας,
1008 1501 1088 1565 quas
1112 1484 1269 1550 Homerus
1290 1491 1330 1549 A
1346 1489 1415 1552 634

253 1588 286 1653 in
301 1587 447 1653 Nestoris
470 1587 585 1670 poculo
602 1585 724 1652 effictas
744 1590 862 1668 narrat,
885 1603 957 1650 esse
971 1619 1014 1629 —
1028 1584 1158 1650 mirum!
1182 1621 1222 1630 -
1245 1586 1414 1672 Pleiadas,

253 1688 474 1755 demonstrare
503 1694 635 1756 conatur
664 1708 704 1754 ne
733 1688 872 1753 Homero
907 1684 1036 1767 quidem
1068 1707 1133 1752 non
1165 1686 1294 1755 licuisse
1322 1690 1413 1756 κατὰ

253 1788 430 1878 ποιητικὸν
454 1788 555 1873 νόμον
577 1788 756 1873 longiorem
778 1788 915 1856 nominis
938 1788 1072 1854 formam
1096 1805 1260 1872 usurpare.
1296 1793 1412 1860 Perlu-

252 1897 354 1961 strata
377 1912 474 1975 quam
496 1891 647 1959 conflavit
670 1891 755 1959 nube
774 1891 993 1974 exemplorum
1009 1889 1157 1957 videmus
1172 1895 1270 1959 testes
1285 1893 1413 1964 formae

252 1993 435 2071 Πελειάδες
456 1999 584 2080 practer
613 1993 696 2060 hunc
718 1993 942 2060 Astronomiae
973 1997 1137 2059 auctorem
1165 1993 1411 2076 antiquissimos

251 2098 295 2164 ab
317 2097 373 2165 illo
394 2095 520 2163 laudari
543 2095 741 2164 Simonidem
770 2102 802 2160 et
824 2093 1014 2177 Pindarum,
1036 2094 1234 2178 Aeschylum
1257 2101 1290 2162 et
1312 2097 1411 2164 Lam·

251 2199 393 2284 proclem
409 2195 467 2262 σὸν
489 2194 795 2280 διδοραμβοποιάν,
819 2190 952 2278 quorum
968 2201 1058 2263 aetas
1073 2216 1137 2262 non
1152 2196 1288 2264 multum
1310 2219 1412 2284 supra
1485 2203 1486 2238 ³

252 2321 281 2367 a.
298 2306 360 2366 500
387 2297 541 2367 ascendit.
584 2299 664 2366 Orta
694 2317 733 2365 ea
760 2298 886 2366 videtur
915 2317 986 2365 esse
1014 2318 1032 2365 o
1061 2297 1165 2365 forma
1191 2297 1361 2378 Πλειάδες
1388 2323 1411 2369 a

251 2423 398 2471 sermono
420 2401 548 2470 heroico
572 2401 688 2485 aliena,
712 2419 795 2483 quae
818 2420 891 2467 cum
912 2419 970 2485 per
991 2419 1027 2467 sc
1049 2407 1135 2466 certo
1158 2420 1254 2467 sensu
1273 2409 1411 2489 careret,

250 2505 323 2589 ipsa
344 2512 380 2571 ut
402 2505 501 2572 verbo
523 2502 720 2580 πελειάδες
742 2507 933 2587 aequaretur
955 2507 1107 2583 tanquam
1134 2500 1289 2570 incitavit.
1335 2504 1410 2582 Qua

250 2605 384 2689 rationo,
408 2606 486 2688 quid
508 2623 625 2672 nomen
648 2605 763 2671 sideris
785 2605 913 2689 proprio
935 2602 1145 2687 significaret,
1169 2604 1336 2685 quaerenti
1358 2607 1408 2673 fa·

252 2705 370 2772 cillimc
392 2712 460 2773 erat
482 2707 697 2788 satisfactum,
720 2707 778 2773 sed
801 2707 901 2772 multo
924 2703 1053 2771 demum
1068 2711 1142 2788 post
1157 2706 1200 2772 ad
1214 2705 1306 2773 illam
1322 2726 1410 2789 quae

250 2806 372 2873 nomini
400 2807 494 2873 illata
523 2812 591 2874 erat
613 2807 679 2872 vim
708 2806 935 2890 explicandam
964 2806 1074 2874 fabula
1104 2825 1231 2889 quoque
1259 2810 1409 2895 accessit,

251 2927 315 2991 qua
329 2907 513 2985 Πελειάδες
536 2928 633 2976 verae
656 2908 823 2976 columbae
845 2910 951 2976 factas
973 2914 1046 2975 sunt
1068 2907 1121 2974 dei
1144 2907 1299 2976 beneficio
1322 2911 1410 2980 inter

250 3012 358 3079 sidera
373 3013 559 3095 collocatae,
577 3030 675 3094 quam
689 3009 832 3077 fabulam
849 3009 1008 3095 expressit
1021 3009 1132 3076 Moero
1148 3010 1304 3094 Byzantia
1318 3013 1407 3096 apud

249 3114 367 3181 Athen.
383 3114 431 3179 XI
455 3113 554 3198 491&
577 3111 772 3197 antiquiores
794 3117 910 3196 poetae
932 3112 965 3177 in
988 3130 1026 3178 ec
1049 3130 1084 3178 sc
1107 3111 1347 3198 continuerunt,
1371 3123 1408 3181 ut

249 3216 367 3299 stellis,
397 3234 480 3298 quae
501 3214 641 3283 Atlantis
663 3213 750 3280 filiae
772 3234 792 3280 a
814 3213 972 3281 nonnullis
995 3213 1204 3295 haberentur,
1234 3220 1267 3279 et
1288 3214 1407 3284 avibus

249 3336 366 3383 nomen
385 3317 606 3385 columbarum
628 3336 795 3384 commune
818 3335 889 3383 esse
913 3313 1069 3397 dicerent3
1093 3314 1127 3382 id
1152 3314 1237 3398 quod
1259 3316 1366 3384 elucet
1389 3339 1408 3386 e
1483 3357 1484 3402 3

249 3416 424 3484 Simonidis
439 3418 585 3484 versibus
601 3416 691 3500 (Ath.
702 3418 751 3482 XI
761 3415 855 3501 490f)
876 3436 940 3483 non
962 3415 1066 3481 minus
1083 3435 1179 3502 quam
1195 3435 1235 3484 ex
1250 3418 1409 3503 Aeschyli
1483 3435 1484 3461 ³

249 3517 358 3586 verbis
381 3511 524 3602 ἄπτεροι
546 3516 722 3594 πελειάδες
739 3518 848 3601 (491²)
865 3523 899 3583 et
911 3517 1110 3603 Lamproelis
1133 3529 1298 3595 ποταναῖς
1314 3516 1408 3602 ὁμώ-

249 3644 347 3704 νυμοι
370 3617 545 3684 πελειάσιν
566 3619 687 3703 (4910).
722 3618 913 3702 Quanquam
927 3624 960 3685 et
974 3617 1083 3686 Odofr.
1101 3619 1217 3686 Muller
1238 3619 1271 3684 in
1286 3619 1405 3706 Script.

249 3721 325 3788 min.
347 3721 379 3786 ΙΙ
405 3723 461 3784 121
492 3726 524 3785 et
545 3720 696 3788 Welolxsr
723 3721 756 3786 in
785 3721 884 3806 chlo
915 3741 965 3806 ep.
987 3741 1018 3805 p.
1038 3725 1079 3786 60
1110 3721 1280 3806 opinantur
1309 3723 1406 3790 Hom.

247 3825 388 3903 potsq.
694 3857 697 3862 ·

355 3924 396 4007 τῇ
417 3913 531 4004 μέντ’
557 3914 633 3988 οὐδὲ
656 3921 787 4003 ποτητὰ
811 3927 1023 4010 παρέρχεται,
1048 3915 1125 3988 οὐδὲ
1147 3923 1281 3990 πέλειαι

355 4021 529 4110 τρήρωνες,
551 4029 610 4089 ταί
631 4019 664 4088 ν’
690 4017 875 4113 ἀμβροσίην
897 4027 957 4091 Διὶ
980 4027 1087 4110 πατρὶ
1111 4028 1269 4111 φέρουσιν
