2958 4734
260 260 321 319 280
697 261 864 318 Reinlroldns
882 263 970 318 Franz

261 429 375 514 quibus
397 451 448 498 res
469 431 513 500 ad
535 437 655 499 certum
678 432 853 518 redigatur:
875 435 948 502 Non
968 455 1085 520 premo·
1102 434 1189 518 quod
1210 437 1295 505 hanc
1318 457 1417 520 quam

259 532 460 617 agnoscimus
482 534 626 601 fabulam
655 535 769 602 eadem
791 539 898 602 aetate
928 555 992 619 qua
1014 538 1135 604 nummi
1157 539 1307 622 prodiero
1329 541 1416 607 Alci·

260 632 372 700 damas
387 635 532 719 sophista
552 635 584 701 in
600 637 692 705 Hom.
709 644 741 704 et
757 637 832 705 Hes.
849 639 1021 706 certamine
1037 639 1243 725 significavit,
1267 641 1327 708 sed
1345 661 1417 709 eam

258 735 399 802 ualuisse
421 737 454 801 in
468 737 609 804 Arcadia
630 738 705 806 inde
728 740 887 824 colligam,
911 740 997 822 quod
1019 741 1080 808 sub
1095 742 1243 808 Maenala
1259 741 1416 810 Callistus

257 837 399 905 tumulus
414 839 665 922 monstrabatur3
689 842 816 925 sepulta
835 841 920 907 enim
935 841 1000 909 dici
1015 862 1078 908 non
1100 843 1195 910 facile
1210 843 1315 928 potuit
1328 865 1416 928 ursa,

259 939 370 1005 debuit
392 939 557 1006 interiecta
579 941 706 1007 femina.
739 942 838 1010 Porro
854 942 1033 1010 Pausaniae
1049 943 1249 1026 narrationis,
1273 951 1310 1012 ut
1331 945 1416 1013 infra

259 1042 526 1127 comprobabitur,
550 1049 635 1110 certe
658 1043 762 1116 exitus
778 1045 998 1112 catasterismo
1014 1049 1127 1111 auctus
1142 1045 1281 1112 nummis
1304 1053 1414 1114 aetate

257 1143 388 1212 inferior
416 1152 480 1228 est,
508 1146 648 1213 narratio
681 1151 787 1213 autem
816 1146 886 1213 sine
912 1146 974 1214 isto
1004 1146 1094 1214 exitu
1126 1165 1283 1228 nusquam
1318 1154 1414 1217 antea

256 1245 350 1313 nobis
372 1248 522 1328 occurrit3
551 1267 590 1314 ac
613 1266 796 1331 quanquam
824 1247 981 1315 eiusmodi
1006 1252 1071 1331 est,
1101 1253 1136 1313 ut
1158 1248 1257 1314 etiam
1279 1249 1351 1316 sine
1374 1271 1411 1317 eo

256 1352 342 1415 stare
363 1349 517 1433 potuerit,
546 1356 654 1415 tamen
683 1350 752 1416 sine
779 1348 898 1416 idonea
927 1368 1024 1416 causa
1052 1349 1222 1417 nonlicet
1249 1353 1410 1419 catasteri-

256 1468 360 1515 smum
381 1467 563 1531 nouamque
585 1449 715 1516 rabulae
738 1450 1021 1518 conformationem
1043 1472 1108 1518 uon
1129 1451 1172 1519 ad
1195 1451 1334 1520 eundem
1358 1474 1410 1521 au-

255 1555 375 1615 ctorem
397 1550 516 1617 referre
537 1551 755 1635 posteriorem.
788 1553 935 1634 Denique
956 1552 1029 1636 ipsa
1050 1553 1156 1636 imago
1172 1553 1299 1620 Dianae
1322 1555 1410 1622 iemi·

255 1672 330 1719 nam
352 1673 435 1737 pone
458 1670 554 1734 quam
576 1653 680 1720 infans
707 1653 795 1719 humi
817 1652 959 1738 trepidat
978 1655 1097 1736 sagitta
1128 1654 1303 1724 traicientis
1325 1658 1409 1724 male

256 1753 406 1858 exprimit
427 1755 522 1821 istam
545 1754 775 1839 narrationem,
804 1755 838 1820 in
864 1774 929 1837 qua
950 1755 1069 1840 primas
1084 1763 1198 1841 partes
1220 1758 1300 1824 Iuno
1324 1767 1408 1842 agat,

254 1854 361 1921 Diana
381 1855 549 1941 secundas,
572 1864 607 1922 at
628 1857 748 1941 optime
769 1855 876 1923 reddit
891 1892 930 1902 —
948 1862 1047 1924 totam
1070 1857 1155 1924 enim
1171 1857 1407 1939 quodammodo

254 1955 466 2023 exhaurit-
490 1978 571 2043 eam,
595 1979 637 2026 ex
659 1977 724 2040 qua
743 1959 851 2025 Diana
873 1958 1006 2025 Callisto
1029 1959 1106 2044 quia
1127 1966 1229 2026 mater
1251 1960 1339 2027 facta
1362 1969 1408 2028 est

253 2057 410 2125 interficit.
449 2059 571 2137 Quibus
594 2059 635 2126 dc
658 2061 763 2126 causis
786 2060 1112 2145 eaminterpretandi
1134 2061 1301 2146 rationem,
1326 2081 1407 2144 quae

254 2165 289 2224 ut
316 2159 552 2244 simplicissima
579 2162 663 2227 ultro
692 2180 728 2228 se
751 2159 860 2243 offert,
890 2162 986 2227 etiam
1015 2164 1228 2230 necessariam
1259 2164 1406 2232 existimo

253 2281 313 2328 nec
341 2261 467 2344 dubito,
500 2260 576 2343 quin
610 2262 677 2345 qui
711 2268 914 2329 certamen
941 2264 1173 2347 composuit
1205 2271 1244 2331 et
1273 2265 1406 2346 quiin

252 2363 425 2431 Arcadia
447 2363 564 2444 signa
585 2365 792 2449 scalpsere
815 2366 978 2433 eandem
1000 2366 1175 2433 fabulam
1197 2370 1294 2432 ante
1316 2387 1404 2434 ocu-

251 2466 312 2532 los
335 2465 596 2548 habuerint1).
774 2511 789 2552 ,

337 2566 404 2633 Sed
415 2587 485 2633 cum
497 2568 628 2651 plenam
642 2568 856 2635 narrationem
867 2567 1023 2650 refingere
1035 2568 1247 2653 aggredimur,
1263 2571 1405 2638 exoritur

252 2665 420 2752 dubitatio,
443 2667 521 2750 quid
544 2666 584 2734 de
607 2668 717 2734 mortis
739 2667 945 2735 statuendum
966 2669 1008 2735 sit
1030 2674 1181 2754 tempore,
1205 2677 1310 2738 utrum
1333 2677 1404 2740 ante

251 2788 293 2836 an
322 2774 396 2853 post
424 2776 550 2853 partum
580 2768 712 2835 Callisto
741 2769 783 2836 sit
810 2788 831 2835 a
859 2770 965 2837 Diana
992 2778 1167 2855 perempta.
1218 2771 1350 2840 Ceteras
1379 2774 1404 2840 si

250 2869 437 2954 respicimus
451 2869 582 2938 fabulae
596 2872 724 2954 formas,
744 2872 820 2938 dum
834 2871 970 2957 gravida
985 2877 1034 2939 est
1049 2891 1120 2939 eam
1136 2893 1241 2956 poena
1256 2874 1404 2943 affectam

250 2971 443 3040 invenimus:
465 2973 511 3040 sic
532 2974 566 3040 in
588 2974 761 3058 Hesiodea,
783 2973 830 3041 sic
851 2973 885 3040 in
907 2974 1086 3041 Pausaniae
1109 2980 1141 3042 et
1163 2995 1273 3042 eorum
1296 2979 1352 3058 qui
1374 2979 1406 3044 in

250 3093 374 3140 summa
403 3096 475 3143 cum
504 3096 542 3144 eo
571 3076 773 3144 consentiunt
802 3075 1045 3143 narrationibus.
1090 3076 1247 3144 Dissentit
1269 3078 1405 3145 Ovidius

250 3174 393 3243 demum:
422 3177 474 3244 hic
497 3177 581 3245 enim
604 3184 725 3245 certam
747 3178 788 3244 ob
812 3198 941 3244 causam
964 3176 1055 3244 finxit
1078 3177 1210 3245 Callisto
1232 3185 1404 3264 postquam

247 3284 375 3361 partum
402 3277 555 3347 edidisset
576 3298 596 3343 a
619 3280 738 3346 lunone
760 3280 887 3346 aemula
909 3283 1136 3357 commutatam
1159 3300 1239 3348 esse.
1283 3281 1402 3349 Verum
1475 3307 1476 3310 ¹

248 3409 329 3464 etiam
346 3410 435 3464 nudus
455 3414 549 3465 contra
568 3423 649 3465 canes
667 3411 828 3468 dilaniantes
840 3427 869 3467 se
881 3411 1027 3467 defendens
1043 3419 1263 3483 repraesentatus
1280 3414 1325 3480 sit,
1345 3417 1404 3471 sine

248 3494 303 3552 ullo
321 3508 407 3550 novae
424 3493 526 3562 figurae
542 3495 651 3550 indicio.

337 3582 359 3644 1)
369 3576 399 3632 Si
407 3581 515 3632 constat
524 3578 557 3633 de
566 3577 649 3648 signis
658 3571 834 3646 mimorum,
844 3586 951 3638 constet
960 3581 1040 3636 etiam
1050 3582 1083 3638 de
1096 3582 1261 3639 Callistus
1273 3589 1405 3655 statua,
1475 3623 1476 3644 r

248 3677 329 3732 quam
347 3677 409 3716 cum
426 3660 611 3731 compluribus
628 3660 689 3720 aliis
706 3666 836 3730 Arcades,
854 3681 909 3720 non
926 3670 958 3720 ut
974 3667 1055 3721 Pans.
1073 3667 1100 3720 X
1112 3671 1136 3732 9,
1150 3672 1164 3720 5
1183 3669 1242 3724 uult
1258 3668 1404 3736 Tegeatae,

247 3751 311 3817 post
321 3762 440 3818 pugnam
450 3747 623 3803 Leuctricam
634 3749 755 3818 Apollini
766 3749 899 3819 Delphico
913 3750 1106 3806 dedicaverunt
1117 3748 1270 3818 (effudistis.
1285 3753 1312 3808 d.
1325 3755 1403 3810 arch·

246 3833 314 3888 lust.
326 3832 355 3887 in
366 3825 440 3887 Aah?
452 3835 517 3886 1889
534 3848 561 3901 p.
575 3837 604 3886 17
615 3838 692 3902 squ).
723 3833 781 3889 Nec
798 3834 851 3888 iam
868 3840 989 3905 repetere
1006 3836 1071 3890 licet
1087 3850 1156 3903 quae
1174 3836 1316 3912 Ouerbeck
1333 3834 1403 3905 (Gr.

245 3911 430 3988 Kunstmyth.'
443 3917 470 3970 11
487 3933 515 3986 p.
528 3921 588 3984 415)
604 3918 802 3988 pronuntiauit:
817 3913 871 3974 ‘ob
884 3919 940 3974 und
957 3920 1006 3976 wie
1024 3921 1076 3986 (die
1088 3921 1295 3990 Veruandlung)
1313 3922 1343 3978 in
1355 3923 1404 3979 der

248 4001 359 4071 Gruppe
376 4000 535 4056 bezeichnet
551 4017 616 4068 war,
633 4004 669 4058 ist
686 4003 737 4058 aul
751 4003 830 4058 kalne
848 4004 940 4060 Weise
956 4022 990 4060 zu
1008 4005 1152 4060 errathen.'
