<?xml version="1.0" encoding="UTF-8"?>
<!DOCTYPE html PUBLIC "-//W3C//DTD XHTML 1.0 Transitional//EN"
    "http://www.w3.org/TR/xhtml1/DTD/xhtml1-transitional.dtd">
<html xmlns="http://www.w3.org/1999/xhtml" xml:lang="en" lang="en">
 <head>
  <title>
</title>
<meta http-equiv="Content-Type" content="text/html;charset=utf-8" />
  <meta name='ocr-system' content='tesseract 3.04.00' />
  <meta name='ocr-capabilities' content='ocr_page ocr_carea ocr_par ocr_line ocrx_word'/>
</head>
<body>
  <div class='ocr_page' id='page_1' title='image "./decallistusfabu00frangoog_0065.png"; bbox 0 0 2958 4734; ppageno 0'>
   <div class='ocr_carea' id='block_1_1' title="bbox 229 303 934 369">
    <p class='ocr_par' dir='ltr' id='par_1_1' title="bbox 229 303 934 369">
     <span class='ocr_line' id='line_1_1' title="bbox 229 303 934 369; baseline -0.017 0"><span class='ocrx_word' id='word_1_1' title='bbox 229 309 291 369; x_wconf 86' lang='lat'><strong>290</strong></span> <span class='ocrx_word' id='word_1_2' title='bbox 660 303 827 360; x_wconf 89' lang='lat' dir='ltr'><strong>Reinholdus</strong></span> <span class='ocrx_word' id='word_1_3' title='bbox 844 303 934 358; x_wconf 78' lang='lat' dir='ltr'><strong>Franz</strong></span> 
     </span>
    </p>
   </div>
   <div class='ocr_carea' id='block_1_2' title="bbox 227 473 1475 1066">
    <p class='ocr_par' dir='ltr' id='par_1_2' title="bbox 227 473 1475 961">
     <span class='ocr_line' id='line_1_2' title="bbox 229 473 1475 568; baseline -0.002 -21"><span class='ocrx_word' id='word_1_4' title='bbox 229 479 377 562; x_wconf 89' lang='lat' dir='ltr'><strong>efficiunt,</strong></span> <span class='ocrx_word' id='word_1_5' title='bbox 400 497 471 545; x_wconf 90' lang='lat' dir='ltr'><strong>oum</strong></span> <span class='ocrx_word' id='word_1_6' title='bbox 493 495 601 544; x_wconf 89' lang='lat' dir='ltr'><strong>ursam</strong></span> <span class='ocrx_word' id='word_1_7' title='bbox 623 476 752 542; x_wconf 80' lang='lat' dir='ltr'>venanti</span> <span class='ocrx_word' id='word_1_8' title='bbox 774 475 836 540; x_wconf 93' lang='lat' dir='ltr'><strong>sibi</strong></span> <span class='ocrx_word' id='word_1_9' title='bbox 852 473 982 542; x_wconf 85' lang='lat' dir='ltr'><strong>obviam</strong></span> <span class='ocrx_word' id='word_1_10' title='bbox 1003 475 1122 541; x_wconf 85' lang='lat' dir='ltr'><strong>iactam</strong></span> <span class='ocrx_word' id='word_1_11' title='bbox 1143 496 1202 543; x_wconf 91' lang='lat' dir='ltr'><strong>nec</strong></span> <span class='ocrx_word' id='word_1_12' title='bbox 1218 478 1383 559; x_wconf 80' lang='lat' dir='ltr'><strong>cognitam</strong></span> <span class='ocrx_word' id='word_1_13' title='bbox 1474 565 1475 568; x_wconf 8' lang='grc' dir='ltr'><strong>Ἴ</strong></span> 
     </span>
     <span class='ocr_line' id='line_1_3' title="bbox 229 576 1383 664; baseline -0.002 -16"><span class='ocrx_word' id='word_1_14' title='bbox 229 580 310 664; x_wconf 85' lang='lat' dir='ltr'><strong>ferit,</strong></span> <span class='ocrx_word' id='word_1_15' title='bbox 317 586 430 664; x_wconf 90' lang='lat' dir='ltr'><strong>postea</strong></span> <span class='ocrx_word' id='word_1_16' title='bbox 441 579 584 663; x_wconf 84' lang='lat' dir='ltr'><strong>agnitam</strong></span> <span class='ocrx_word' id='word_1_17' title='bbox 595 577 677 644; x_wconf 87' lang='lat' dir='ltr'><strong>inter</strong></span> <span class='ocrx_word' id='word_1_18' title='bbox 687 576 793 643; x_wconf 90' lang='lat' dir='ltr'><strong>sidera</strong></span> <span class='ocrx_word' id='word_1_19' title='bbox 805 576 950 660; x_wconf 89' lang='lat' dir='ltr'><strong>collocat,</strong></span> <span class='ocrx_word' id='word_1_20' title='bbox 959 595 1021 658; x_wconf 90' lang='lat' dir='ltr'><strong>quo</strong></span> <span class='ocrx_word' id='word_1_21' title='bbox 1029 576 1383 648; x_wconf 85' lang='lat' dir='ltr'><strong>commissumerrorem</strong></span> 
     </span>
     <span class='ocr_line' id='line_1_4' title="bbox 227 676 1384 761; baseline -0.001 -12"><span class='ocrx_word' id='word_1_22' title='bbox 227 681 352 750; x_wconf 80' lang='lat' dir='ltr'><strong>sarciat.</strong></span> <span class='ocrx_word' id='word_1_23' title='bbox 381 678 515 746; x_wconf 85' lang='lat' dir='ltr'>Protulit</span> <span class='ocrx_word' id='word_1_24' title='bbox 527 676 673 761; x_wconf 82' lang='lat' dir='ltr'>Hyginus</span> <span class='ocrx_word' id='word_1_25' title='bbox 684 677 777 743; x_wconf 86' lang='lat' dir='ltr'><strong>istam</strong></span> <span class='ocrx_word' id='word_1_26' title='bbox 789 677 1058 743; x_wconf 80' lang='lat' dir='ltr'><strong>narratiunculam</strong></span> <span class='ocrx_word' id='word_1_27' title='bbox 1074 676 1114 744; x_wconf 92' lang='lat' dir='ltr'><strong>de</strong></span> <span class='ocrx_word' id='word_1_28' title='bbox 1128 678 1211 745; x_wconf 85' lang='lat' dir='ltr'><strong>Ursa</strong></span> <span class='ocrx_word' id='word_1_29' title='bbox 1225 681 1384 748; x_wconf 89' lang='lat' dir='ltr'><strong>maiore</strong></span> 
     </span>
     <span class='ocr_line' id='line_1_5' title="bbox 227 777 1382 866; baseline -0.003 -17"><span class='ocrx_word' id='word_1_30' title='bbox 227 805 286 851; x_wconf 88' lang='lat' dir='ltr'><strong>nec</strong></span> <span class='ocrx_word' id='word_1_31' title='bbox 309 781 483 866; x_wconf 86' lang='lat' dir='ltr'><strong>quidquam</strong></span> <span class='ocrx_word' id='word_1_32' title='bbox 505 780 537 843; x_wconf 92' lang='lat' dir='ltr'><strong>in</strong></span> <span class='ocrx_word' id='word_1_33' title='bbox 559 799 599 845; x_wconf 92' lang='lat' dir='ltr'><strong>ea</strong></span> <span class='ocrx_word' id='word_1_34' title='bbox 627 779 724 860; x_wconf 88' lang='lat' dir='ltr'><strong>inest,</strong></span> <span class='ocrx_word' id='word_1_35' title='bbox 748 777 835 859; x_wconf 94' lang='lat' dir='ltr'><strong>quod</strong></span> <span class='ocrx_word' id='word_1_36' title='bbox 857 797 929 844; x_wconf 88' lang='lat' dir='ltr'><strong>eam</strong></span> <span class='ocrx_word' id='word_1_37' title='bbox 950 778 1023 844; x_wconf 90' lang='lat' dir='ltr'><strong>huic</strong></span> <span class='ocrx_word' id='word_1_38' title='bbox 1045 779 1169 861; x_wconf 86' lang='lat' dir='ltr'><strong>eripere</strong></span> <span class='ocrx_word' id='word_1_39' title='bbox 1191 779 1284 847; x_wconf 91' lang='lat' dir='ltr'><strong>nobis</strong></span> <span class='ocrx_word' id='word_1_40' title='bbox 1306 801 1382 864; x_wconf 91' lang='lat' dir='ltr'><strong>per-</strong></span> 
     </span>
     <span class='ocr_line' id='line_1_6' title="bbox 228 877 1379 961; baseline -0.002 -11"><span class='ocrx_word' id='word_1_41' title='bbox 228 885 333 950; x_wconf 88' lang='lat' dir='ltr'><strong>mittat</strong></span> <span class='ocrx_word' id='word_1_42' title='bbox 352 903 390 948; x_wconf 91' lang='lat' dir='ltr'><strong>ac</strong></span> <span class='ocrx_word' id='word_1_43' title='bbox 412 882 530 948; x_wconf 90' lang='lat' dir='ltr'><strong>referre</strong></span> <span class='ocrx_word' id='word_1_44' title='bbox 545 879 588 944; x_wconf 91' lang='lat' dir='ltr'><strong>ad</strong></span> <span class='ocrx_word' id='word_1_45' title='bbox 603 879 719 947; x_wconf 80' lang='lat' dir='ltr'><strong>Ursam</strong></span> <span class='ocrx_word' id='word_1_46' title='bbox 734 880 897 961; x_wconf 88' lang='lat' dir='ltr'><strong>minorem,</strong></span> <span class='ocrx_word' id='word_1_47' title='bbox 920 877 961 943; x_wconf 92' lang='lat' dir='ltr'><strong>de</strong></span> <span class='ocrx_word' id='word_1_48' title='bbox 976 897 1041 960; x_wconf 87' lang='lat' dir='ltr'><strong>qua</strong></span> <span class='ocrx_word' id='word_1_49' title='bbox 1063 878 1182 945; x_wconf 81' lang='lat' dir='ltr'><strong>similia</strong></span> <span class='ocrx_word' id='word_1_50' title='bbox 1196 885 1379 948; x_wconf 89' lang='lat' dir='ltr'><strong>narrantur.</strong></span> 
     </span>
    </p>

    <p class='ocr_par' dir='ltr' id='par_1_3' title="bbox 313 979 1382 1066">
     <span class='ocr_line' id='line_1_7' title="bbox 313 979 1382 1066; baseline -0.003 -18"><span class='ocrx_word' id='word_1_51' title='bbox 313 983 352 1048; x_wconf 92' lang='lat' dir='ltr'><strong>Id</strong></span> <span class='ocrx_word' id='word_1_52' title='bbox 381 983 452 1048; x_wconf 92' lang='lat' dir='ltr'><strong>dico</strong></span> <span class='ocrx_word' id='word_1_53' title='bbox 481 987 591 1048; x_wconf 87' lang='lat' dir='ltr'><strong>contra</strong></span> <span class='ocrx_word' id='word_1_54' title='bbox 618 980 809 1064; x_wconf 89' lang='lat' dir='ltr'><strong>Robertum,</strong></span> <span class='ocrx_word' id='word_1_55' title='bbox 845 979 900 1061; x_wconf 86' lang='lat' dir='ltr'><strong>qui</strong></span> <span class='ocrx_word' id='word_1_56' title='bbox 928 980 961 1044; x_wconf 92' lang='lat' dir='ltr'><strong>in</strong></span> <span class='ocrx_word' id='word_1_57' title='bbox 987 980 1073 1047; x_wconf 78' lang='lat' dir='ltr'><strong>ltrat.</strong></span> <span class='ocrx_word' id='word_1_58' title='bbox 1103 979 1173 1048; x_wconf 83' lang='lat' dir='ltr'><strong>Cat.</strong></span> <span class='ocrx_word' id='word_1_59' title='bbox 1196 981 1253 1047; x_wconf 91' lang='lat' dir='ltr'><strong>rel.</strong></span> <span class='ocrx_word' id='word_1_60' title='bbox 1283 1003 1315 1066; x_wconf 89' lang='lat' dir='ltr'><strong>p.</strong></span> <span class='ocrx_word' id='word_1_61' title='bbox 1338 985 1382 1045; x_wconf 84' lang='grc'><strong>56</strong></span> 
     </span>
    </p>
   </div>
   <div class='ocr_carea' id='block_1_3' title="bbox 226 1079 1476 1166">
    <p class='ocr_par' dir='ltr' id='par_1_4' title="bbox 226 1079 1476 1166">
     <span class='ocr_line' id='line_1_8' title="bbox 226 1079 1476 1166; baseline -0.002 -16"><span class='ocrx_word' id='word_1_62' title='bbox 226 1085 321 1151; x_wconf 87' lang='lat' dir='ltr'><strong>istam</strong></span> <span class='ocrx_word' id='word_1_63' title='bbox 333 1104 404 1150; x_wconf 93' lang='lat' dir='ltr'><strong>cum</strong></span> <span class='ocrx_word' id='word_1_64' title='bbox 416 1083 462 1150; x_wconf 90' lang='lat' dir='ltr'><strong>eis</strong></span> <span class='ocrx_word' id='word_1_65' title='bbox 477 1082 663 1166; x_wconf 78' lang='lat' dir='ltr'><strong>composuit,</strong></span> <span class='ocrx_word' id='word_1_66' title='bbox 676 1100 757 1163; x_wconf 90' lang='lat' dir='ltr'><strong>quae</strong></span> <span class='ocrx_word' id='word_1_67' title='bbox 773 1081 806 1145; x_wconf 93' lang='lat' dir='ltr'><strong>in</strong></span> <span class='ocrx_word' id='word_1_68' title='bbox 818 1080 1051 1146; x_wconf 74' lang='lat' dir='ltr'><strong>catasterismis</strong></span> <span class='ocrx_word' id='word_1_69' title='bbox 1068 1079 1108 1149; x_wconf 91' lang='lat' dir='ltr'><strong>de</strong></span> <span class='ocrx_word' id='word_1_70' title='bbox 1123 1082 1207 1150; x_wconf 90' lang='lat' dir='ltr'><strong>Ursa</strong></span> <span class='ocrx_word' id='word_1_71' title='bbox 1222 1084 1382 1150; x_wconf 89' lang='lat' dir='ltr'><strong>minore</strong></span> <span class='ocrx_word' id='word_1_72' title='bbox 1475 1101 1476 1112; x_wconf 57' lang='lat'>¹</span> 
     </span>
    </p>
   </div>
   <div class='ocr_carea' id='block_1_4' title="bbox 228 1180 966 1264">
    <p class='ocr_par' dir='ltr' id='par_1_5' title="bbox 228 1180 966 1264">
     <span class='ocr_line' id='line_1_9' title="bbox 228 1180 966 1264; baseline -0.009 -12"><span class='ocrx_word' id='word_1_73' title='bbox 228 1190 357 1252; x_wconf 86' lang='lat' dir='ltr'><strong>servata</strong></span> <span class='ocrx_word' id='word_1_74' title='bbox 377 1190 451 1252; x_wconf 90' lang='lat' dir='ltr'><strong>sunt</strong></span> <span class='ocrx_word' id='word_1_75' title='bbox 472 1189 505 1252; x_wconf 90' lang='lat' dir='ltr'><strong>et</strong></span> <span class='ocrx_word' id='word_1_76' title='bbox 526 1183 559 1249; x_wconf 94' lang='lat' dir='ltr'><strong>in</strong></span> <span class='ocrx_word' id='word_1_77' title='bbox 582 1182 744 1250; x_wconf 88' lang='lat' dir='ltr'><strong>codicibus</strong></span> <span class='ocrx_word' id='word_1_78' title='bbox 766 1181 812 1248; x_wconf 89' lang='lat' dir='ltr'><strong>sio</strong></span> <span class='ocrx_word' id='word_1_79' title='bbox 832 1180 966 1264; x_wconf 83' lang='lat' dir='ltr'><strong>scripta:</strong></span> 
     </span>
    </p>
   </div>
   <div class='ocr_carea' id='block_1_5' title="bbox 316 1295 1381 1451">
    <p class='ocr_par' dir='ltr' id='par_1_6' title="bbox 316 1295 1381 1451">
     <span class='ocr_line' id='line_1_10' title="bbox 316 1295 1381 1372; baseline -0.003 -16"><span class='ocrx_word' id='word_1_80' title='bbox 316 1302 442 1372; x_wconf 86' lang='lat' dir='ltr'><strong>Epitome</strong></span> <span class='ocrx_word' id='word_1_81' title='bbox 588 1298 667 1353; x_wconf 84' lang='lat' dir='ltr'><strong>Arati</strong></span> <span class='ocrx_word' id='word_1_82' title='bbox 683 1298 767 1352; x_wconf 91' lang='lat' dir='ltr'><strong>iuter·</strong></span> <span class='ocrx_word' id='word_1_83' title='bbox 840 1295 930 1351; x_wconf 85' lang='lat' dir='ltr'><strong>Schol.</strong></span> <span class='ocrx_word' id='word_1_84' title='bbox 951 1295 1040 1351; x_wconf 82' lang='lat' dir='ltr'><strong>Germ.</strong></span> <span class='ocrx_word' id='word_1_85' title='bbox 1060 1295 1105 1350; x_wconf 90' lang='lat' dir='ltr'><strong>BP</strong></span> <span class='ocrx_word' id='word_1_86' title='bbox 1146 1296 1234 1352; x_wconf 88' lang='lat' dir='ltr'><strong>Schol.</strong></span> <span class='ocrx_word' id='word_1_87' title='bbox 1246 1297 1336 1354; x_wconf 83' lang='lat' dir='ltr'><strong>Germ.</strong></span> <span class='ocrx_word' id='word_1_88' title='bbox 1344 1299 1381 1353; x_wconf 91' lang='lat' dir='ltr'><strong>G.</strong></span> 
     </span>
     <span class='ocr_line' id='line_1_11' title="bbox 612 1381 1338 1451; baseline 0.003 -16"><span class='ocrx_word' id='word_1_89' title='bbox 612 1396 676 1451; x_wconf 90' lang='lat' dir='ltr'><strong>pres</strong></span> <span class='ocrx_word' id='word_1_90' title='bbox 694 1381 740 1435; x_wconf 86' lang='lat' dir='ltr'><strong>lat.</strong></span> <span class='ocrx_word' id='word_1_91' title='bbox 942 1383 982 1445; x_wconf 83' lang='lat'><strong>59,</strong></span> <span class='ocrx_word' id='word_1_92' title='bbox 996 1385 1011 1434; x_wconf 84' lang='lat'>5</span> <span class='ocrx_word' id='word_1_93' title='bbox 1210 1386 1268 1448; x_wconf 83' lang='lat'><strong>114,</strong></span> <span class='ocrx_word' id='word_1_94' title='bbox 1284 1388 1316 1438; x_wconf 83' lang='lat' dir='ltr'><strong>lo</strong></span> <span class='ocrx_word' id='word_1_95' title='bbox 1336 1441 1338 1446; x_wconf 69' lang='grc'>,</span> 
     </span>
    </p>
   </div>
   <div class='ocr_carea' id='block_1_6' title="bbox 123 1478 1477 1642">
    <p class='ocr_par' dir='ltr' id='par_1_7' title="bbox 123 1478 1477 1642">
     <span class='ocr_line' id='line_1_12' title="bbox 123 1478 1477 1564; baseline -0.01 -14"><span class='ocrx_word' id='word_1_96' title='bbox 123 1546 125 1550; x_wconf 88' lang='grc'><em>,</em></span> <span class='ocrx_word' id='word_1_97' title='bbox 255 1478 530 1559; x_wconf 72' lang='grc' dir='ltr'><strong><em>Αῧτηέστὶνῆμικρὰ</em></strong></span> <span class='ocrx_word' id='word_1_98' title='bbox 857 1480 1128 1550; x_wconf 86' lang='lat' dir='ltr'><strong>Ursaminoraplu·</strong></span> <span class='ocrx_word' id='word_1_99' title='bbox 1186 1482 1273 1537; x_wconf 88' lang='lat' dir='ltr'><strong>Porro</strong></span> <span class='ocrx_word' id='word_1_100' title='bbox 1328 1486 1382 1538; x_wconf 86' lang='lat' dir='ltr'><strong>Ar·</strong></span> <span class='ocrx_word' id='word_1_101' title='bbox 1476 1489 1477 1564; x_wconf 65' lang='lat' dir='ltr'>J</span> 
     </span>
     <span class='ocr_line' id='line_1_13' title="bbox 225 1565 1382 1642; baseline -0.005 -13"><span class='ocrx_word' id='word_1_102' title='bbox 225 1571 398 1642; x_wconf 80' lang='grc' dir='ltr'><em>καλουμένη·</em></span> <span class='ocrx_word' id='word_1_103' title='bbox 444 1586 533 1641; x_wconf 83' lang='grc' dir='ltr'><strong><em>προσ·</em></strong></span> <span class='ocrx_word' id='word_1_104' title='bbox 777 1627 781 1634; x_wconf 47' lang='grc'>,</span> <span class='ocrx_word' id='word_1_105' title='bbox 822 1565 897 1619; x_wconf 88' lang='lat' dir='ltr'><strong>ribus</strong></span> <span class='ocrx_word' id='word_1_106' title='bbox 905 1565 1128 1619; x_wconf 87' lang='lat' dir='ltr'><strong>Phoenicevoca·</strong></span> <span class='ocrx_word' id='word_1_107' title='bbox 1146 1570 1240 1620; x_wconf 92' lang='lat' dir='ltr'><strong>cturus</strong></span> <span class='ocrx_word' id='word_1_108' title='bbox 1283 1569 1382 1634; x_wconf 90' lang='lat' dir='ltr'><strong>minor,</strong></span> 
     </span>
    </p>
   </div>
   <div class='ocr_carea' id='block_1_7' title="bbox 226 1647 1381 1982">
    <p class='ocr_par' dir='ltr' id='par_1_8' title="bbox 226 1647 1381 1982">
     <span class='ocr_line' id='line_1_14' title="bbox 227 1647 1378 1728; baseline -0.003 -15"><span class='ocrx_word' id='word_1_109' title='bbox 227 1651 370 1728; x_wconf 76' lang='grc' dir='ltr'><strong>ηγορεύθη</strong></span> <span class='ocrx_word' id='word_1_110' title='bbox 405 1654 434 1711; x_wconf 73' lang='grc' dir='ltr'><strong>δὲ</strong></span> <span class='ocrx_word' id='word_1_111' title='bbox 475 1647 531 1709; x_wconf 77' lang='grc' dir='ltr'><strong>ὕπὸ</strong></span> <span class='ocrx_word' id='word_1_112' title='bbox 823 1655 880 1716; x_wconf 85' lang='lat' dir='ltr'><strong>tnr;</strong></span> <span class='ocrx_word' id='word_1_113' title='bbox 907 1664 942 1704; x_wconf 85' lang='lat' dir='ltr'><strong>ex</strong></span> <span class='ocrx_word' id='word_1_114' title='bbox 967 1649 1061 1704; x_wconf 89' lang='lat' dir='ltr'><strong>eadem</strong></span> <span class='ocrx_word' id='word_1_115' title='bbox 1084 1664 1127 1704; x_wconf 86' lang='lat' dir='ltr'><strong>ra·</strong></span> <span class='ocrx_word' id='word_1_116' title='bbox 1146 1651 1193 1719; x_wconf 89' lang='lat' dir='ltr'><strong>qui</strong></span> <span class='ocrx_word' id='word_1_117' title='bbox 1212 1667 1230 1705; x_wconf 89' lang='lat' dir='ltr'><strong>a</strong></span> <span class='ocrx_word' id='word_1_118' title='bbox 1252 1653 1378 1720; x_wconf 88' lang='lat' dir='ltr'><strong>pluribus</strong></span> 
     </span>
     <span class='ocr_line' id='line_1_15' title="bbox 226 1734 1381 1804; baseline -0.004 -8"><span class='ocrx_word' id='word_1_119' title='bbox 226 1745 285 1796; x_wconf 82' lang='grc' dir='ltr'><strong>τῶν</strong></span> <span class='ocrx_word' id='word_1_120' title='bbox 304 1741 448 1797; x_wconf 72' lang='grc' dir='ltr'><em>πλείστων</em></span> <span class='ocrx_word' id='word_1_121' title='bbox 466 1741 533 1794; x_wconf 83' lang='grc' dir='ltr'><em>Φοι-</em></span> <span class='ocrx_word' id='word_1_122' title='bbox 579 1734 721 1790; x_wconf 88' lang='lat' dir='ltr'><strong>Honorata</strong></span> <span class='ocrx_word' id='word_1_123' title='bbox 732 1738 805 1789; x_wconf 91' lang='lat' dir='ltr'><strong>esta</strong></span> <span class='ocrx_word' id='word_1_124' title='bbox 823 1734 907 1799; x_wconf 90' lang='lat' dir='ltr'><strong>tione,</strong></span> <span class='ocrx_word' id='word_1_125' title='bbox 925 1749 978 1802; x_wconf 87' lang='lat' dir='ltr'><strong>qua</strong></span> <span class='ocrx_word' id='word_1_126' title='bbox 995 1735 1128 1804; x_wconf 79' lang='lat' dir='ltr'><strong>superior,</strong></span> <span class='ocrx_word' id='word_1_127' title='bbox 1146 1734 1296 1804; x_wconf 87' lang='lat' dir='ltr'><strong>Phoenice,</strong></span> <span class='ocrx_word' id='word_1_128' title='bbox 1363 1753 1381 1791; x_wconf 89' lang='lat' dir='ltr'><strong>a</strong></span> 
     </span>
     <span class='ocr_line' id='line_1_16' title="bbox 226 1817 1381 1897; baseline -0.002 -17"><span class='ocrx_word' id='word_1_129' title='bbox 226 1817 531 1897; x_wconf 74' lang='grc' dir='ltr'><strong>νίκη.ἐτιμήθηδὲῦπὸ</strong></span> <span class='ocrx_word' id='word_1_130' title='bbox 550 1819 639 1874; x_wconf 84' lang='lat' dir='ltr'><strong>Diana</strong></span> <span class='ocrx_word' id='word_1_131' title='bbox 694 1825 805 1888; x_wconf 88' lang='lat' dir='ltr'><strong>propter</strong></span> <span class='ocrx_word' id='word_1_132' title='bbox 822 1817 1130 1874; x_wconf 82' lang='lat' dir='ltr'><strong>astrisinlatabeneficio</strong></span> <span class='ocrx_word' id='word_1_133' title='bbox 1145 1821 1284 1876; x_wconf 88' lang='lat' dir='ltr'><strong>nonnullis</strong></span> <span class='ocrx_word' id='word_1_134' title='bbox 1303 1821 1381 1878; x_wconf 66' lang='lat' dir='ltr'><strong>caum</strong></span> 
     </span>
     <span class='ocr_line' id='line_1_17' title="bbox 226 1901 1381 1982; baseline -0.007 -14"><span class='ocrx_word' id='word_1_135' title='bbox 226 1905 534 1982; x_wconf 62' lang='lat' dir='ltr'><strong>cdc&#39;rlprturdocyvoo·</strong></span> <span class='ocrx_word' id='word_1_136' title='bbox 549 1903 704 1973; x_wconf 82' lang='lat' dir='ltr'><strong>praedictas</strong></span> <span class='ocrx_word' id='word_1_137' title='bbox 759 1919 804 1958; x_wconf 89' lang='lat' dir='ltr'><strong>rn-</strong></span> <span class='ocrx_word' id='word_1_138' title='bbox 824 1903 945 1958; x_wconf 87' lang='lat' dir='ltr'><strong>Dianae.</strong></span> <span class='ocrx_word' id='word_1_139' title='bbox 958 1901 1035 1971; x_wconf 90' lang='lat' dir='ltr'><strong>prius</strong></span> <span class='ocrx_word' id='word_1_140' title='bbox 1056 1901 1129 1969; x_wconf 89' lang='lat' dir='ltr'><strong>quod</strong></span> <span class='ocrx_word' id='word_1_141' title='bbox 1147 1905 1234 1960; x_wconf 86' lang='lat' dir='ltr'><strong>canda</strong></span> <span class='ocrx_word' id='word_1_142' title='bbox 1257 1911 1381 1961; x_wconf 82' lang='lat' dir='ltr'><strong>uocatur.</strong></span> 
     </span>
    </p>
   </div>
   <div class='ocr_carea' id='block_1_8' title="bbox 226 1985 1478 2057">
    <p class='ocr_par' dir='ltr' id='par_1_9' title="bbox 226 1985 1478 2057">
     <span class='ocr_line' id='line_1_18' title="bbox 226 1985 1478 2057; baseline -0.006 -6"><span class='ocrx_word' id='word_1_143' title='bbox 226 2014 263 2051; x_wconf 88' lang='grc' dir='ltr'><strong>σα</strong></span> <span class='ocrx_word' id='word_1_144' title='bbox 291 1995 320 2051; x_wconf 75' lang='grc' dir='ltr'><strong>δὲ</strong></span> <span class='ocrx_word' id='word_1_145' title='bbox 348 1985 393 2050; x_wconf 81' lang='grc' dir='ltr'><strong>ὁέι</strong></span> <span class='ocrx_word' id='word_1_146' title='bbox 419 1986 434 2048; x_wconf 81' lang='grc' dir='ltr'><em>ὃ</em></span> <span class='ocrx_word' id='word_1_147' title='bbox 463 1987 533 2057; x_wconf 83' lang='grc' dir='ltr'><strong><em>Ζεὺς</em></strong></span> <span class='ocrx_word' id='word_1_148' title='bbox 572 1988 788 2057; x_wconf 81' lang='lat' dir='ltr'><strong>inas.ignorans</strong></span> <span class='ocrx_word' id='word_1_149' title='bbox 821 1986 961 2056; x_wconf 82' lang='lat' dir='ltr'><strong>(iupiter)</strong></span> <span class='ocrx_word' id='word_1_150' title='bbox 978 2000 1037 2040; x_wconf 86' lang='lat' dir='ltr'><strong>eam</strong></span> <span class='ocrx_word' id='word_1_151' title='bbox 1058 1985 1128 2040; x_wconf 84' lang='lat' dir='ltr'><strong>inla-</strong></span> <span class='ocrx_word' id='word_1_152' title='bbox 1146 1989 1246 2045; x_wconf 84' lang='lat' dir='ltr'><strong>dicitur</strong></span> <span class='ocrx_word' id='word_1_153' title='bbox 1274 2005 1291 2046; x_wconf 86' lang='lat' dir='ltr'><strong>a</strong></span> <span class='ocrx_word' id='word_1_154' title='bbox 1315 1990 1381 2046; x_wconf 85' lang='lat' dir='ltr'><strong>Iove</strong></span> <span class='ocrx_word' id='word_1_155' title='bbox 1477 2013 1478 2036; x_wconf 58' lang='grc' dir='ltr'><strong>ι</strong></span> 
     </span>
    </p>
   </div>
   <div class='ocr_carea' id='block_1_9' title="bbox 225 2069 1383 2984">
    <p class='ocr_par' dir='ltr' id='par_1_10' title="bbox 225 2069 1383 2824">
     <span class='ocr_line' id='line_1_19' title="bbox 227 2069 1381 2149; baseline -0.004 -14"><span class='ocrx_word' id='word_1_156' title='bbox 227 2074 315 2149; x_wconf 72' lang='grc' dir='ltr'><em>αὐτὴν</em></span> <span class='ocrx_word' id='word_1_157' title='bbox 332 2073 481 2149; x_wconf 73' lang='grc' dir='ltr'><strong><em>ἔφθειρεν,</em></strong></span> <span class='ocrx_word' id='word_1_158' title='bbox 502 2069 531 2146; x_wconf 77' lang='grc' dir='ltr'><strong>ἦ·</strong></span> <span class='ocrx_word' id='word_1_159' title='bbox 549 2073 806 2142; x_wconf 82' lang='lat' dir='ltr'><strong>enimqnodlupiter</strong></span> <span class='ocrx_word' id='word_1_160' title='bbox 822 2073 935 2137; x_wconf 79' lang='lat' dir='ltr'><strong>mosset,</strong></span> <span class='ocrx_word' id='word_1_161' title='bbox 989 2069 1127 2136; x_wconf 62' lang='lat' dir='ltr'><strong>efferarum</strong></span> <span class='ocrx_word' id='word_1_162' title='bbox 1145 2074 1217 2128; x_wconf 87' lang='lat' dir='ltr'><strong>inter</strong></span> <span class='ocrx_word' id='word_1_163' title='bbox 1228 2077 1381 2130; x_wconf 77' lang='lat' dir='ltr'><strong>ostracon-</strong></span> 
     </span>
     <span class='ocr_line' id='line_1_20' title="bbox 227 2153 1383 2234; baseline -0.003 -17"><span class='ocrx_word' id='word_1_164' title='bbox 227 2165 352 2234; x_wconf 81' lang='lat' dir='ltr'><strong>yploosv</strong></span> <span class='ocrx_word' id='word_1_165' title='bbox 430 2153 530 2229; x_wconf 75' lang='grc' dir='ltr'><strong><em>αὐτήν·</em></strong></span> <span class='ocrx_word' id='word_1_166' title='bbox 549 2173 608 2212; x_wconf 89' lang='lat' dir='ltr'><strong>eam</strong></span> <span class='ocrx_word' id='word_1_167' title='bbox 668 2157 804 2219; x_wconf 84' lang='lat' dir='ltr'><strong>violasset,</strong></span> <span class='ocrx_word' id='word_1_168' title='bbox 822 2162 839 2218; x_wconf 88' lang='lat'>†</span> <span class='ocrx_word' id='word_1_169' title='bbox 854 2155 927 2224; x_wconf 90' lang='lat' dir='ltr'><strong>quod</strong></span> <span class='ocrx_word' id='word_1_170' title='bbox 947 2155 1056 2222; x_wconf 85' lang='lat' dir='ltr'><strong>cognita</strong></span> <span class='ocrx_word' id='word_1_171' title='bbox 1070 2159 1129 2230; x_wconf 79' lang='lat' dir='ltr'><strong>(aut</strong></span> <span class='ocrx_word' id='word_1_172' title='bbox 1146 2159 1258 2224; x_wconf 87' lang='lat' dir='ltr'><strong>locatus,</strong></span> <span class='ocrx_word' id='word_1_173' title='bbox 1281 2166 1313 2213; x_wconf 90' lang='lat' dir='ltr'><strong>ut</strong></span> <span class='ocrx_word' id='word_1_174' title='bbox 1331 2160 1383 2214; x_wconf 90' lang='lat' dir='ltr'><strong>du-</strong></span> 
     </span>
     <span class='ocr_line' id='line_1_21' title="bbox 226 2239 1381 2318; baseline -0.004 -15"><span class='ocrx_word' id='word_1_175' title='bbox 226 2239 349 2318; x_wconf 74' lang='grc' dir='ltr'><strong><em>ὕστερον</em></strong></span> <span class='ocrx_word' id='word_1_176' title='bbox 381 2246 411 2302; x_wconf 80' lang='grc' dir='ltr'><strong>δὲ</strong></span> <span class='ocrx_word' id='word_1_177' title='bbox 442 2261 531 2300; x_wconf 84' lang='grc' dir='ltr'><strong><em>σεσω-</em></strong></span> <span class='ocrx_word' id='word_1_178' title='bbox 548 2242 615 2298; x_wconf 84' lang='lat' dir='ltr'><strong>fecit</strong></span> <span class='ocrx_word' id='word_1_179' title='bbox 641 2256 699 2297; x_wconf 86' lang='lat' dir='ltr'><strong>eam</strong></span> <span class='ocrx_word' id='word_1_180' title='bbox 727 2255 804 2308; x_wconf 84' lang='lat' dir='ltr'><strong>agre·</strong></span> <span class='ocrx_word' id='word_1_181' title='bbox 823 2254 876 2309; x_wconf 89' lang='lat' dir='ltr'><strong>quo</strong></span> <span class='ocrx_word' id='word_1_182' title='bbox 895 2240 1000 2308; x_wconf 86' lang='lat' dir='ltr'><strong>cognito</strong></span> <span class='ocrx_word' id='word_1_183' title='bbox 1014 2245 1064 2295; x_wconf 83' lang='lat' dir='ltr'><strong>out</strong></span> <span class='ocrx_word' id='word_1_184' title='bbox 1078 2256 1128 2310; x_wconf 89' lang='lat' dir='ltr'><strong>po·</strong></span> <span class='ocrx_word' id='word_1_185' title='bbox 1145 2242 1208 2311; x_wconf 87' lang='lat' dir='ltr'><strong>plex</strong></span> <span class='ocrx_word' id='word_1_186' title='bbox 1223 2241 1312 2298; x_wconf 88' lang='lat' dir='ltr'><strong>honor</strong></span> <span class='ocrx_word' id='word_1_187' title='bbox 1323 2241 1381 2298; x_wconf 87' lang='lat' dir='ltr'><strong>He·</strong></span> 
     </span>
     <span class='ocr_line' id='line_1_22' title="bbox 226 2318 1379 2403; baseline -0.005 -15"><span class='ocrx_word' id='word_1_188' title='bbox 226 2331 314 2402; x_wconf 78' lang='grc' dir='ltr'><em>σμένῃ</em></span> <span class='ocrx_word' id='word_1_189' title='bbox 324 2330 435 2403; x_wconf 79' lang='grc' dir='ltr'><strong><em>λέγεται</em></strong></span> <span class='ocrx_word' id='word_1_190' title='bbox 445 2318 531 2395; x_wconf 76' lang='grc' dir='ltr'><em>δόξαν</em></span> <span class='ocrx_word' id='word_1_191' title='bbox 548 2331 624 2394; x_wconf 88' lang='lat' dir='ltr'><strong>stem,</strong></span> <span class='ocrx_word' id='word_1_192' title='bbox 633 2330 730 2397; x_wconf 89' lang='lat' dir='ltr'><strong>postea</strong></span> <span class='ocrx_word' id='word_1_193' title='bbox 742 2341 804 2381; x_wconf 89' lang='lat' dir='ltr'><strong>vero</strong></span> <span class='ocrx_word' id='word_1_194' title='bbox 823 2327 881 2380; x_wconf 83' lang='lat' dir='ltr'><strong>stoa</strong></span> <span class='ocrx_word' id='word_1_195' title='bbox 904 2324 1037 2393; x_wconf 79' lang='lat' dir='ltr'><strong>cognitam</strong></span> <span class='ocrx_word' id='word_1_196' title='bbox 1059 2326 1127 2380; x_wconf 82' lang='lat' dir='ltr'><strong>sort·</strong></span> <span class='ocrx_word' id='word_1_197' title='bbox 1145 2326 1211 2380; x_wconf 86' lang='lat' dir='ltr'><strong>lices</strong></span> <span class='ocrx_word' id='word_1_198' title='bbox 1242 2331 1379 2382; x_wconf 89' lang='lat' dir='ltr'><strong>monstra·</strong></span> 
     </span>
     <span class='ocr_line' id='line_1_23' title="bbox 227 2406 1230 2488; baseline -0.009 -14"><span class='ocrx_word' id='word_1_199' title='bbox 227 2410 300 2488; x_wconf 80' lang='grc' dir='ltr'><em>αὐτῇ</em></span> <span class='ocrx_word' id='word_1_200' title='bbox 309 2421 470 2488; x_wconf 76' lang='grc' dir='ltr'><strong><em>περιθεῖναι</em></strong></span> <span class='ocrx_word' id='word_1_201' title='bbox 483 2406 530 2471; x_wconf 78' lang='lat' dir='ltr'><strong>oiv-</strong></span> <span class='ocrx_word' id='word_1_202' title='bbox 548 2413 667 2468; x_wconf 88' lang='lat' dir='ltr'><strong>sentiens</strong></span> <span class='ocrx_word' id='word_1_203' title='bbox 707 2410 806 2467; x_wconf 86' lang='lat' dir='ltr'><strong>dicitur</strong></span> <span class='ocrx_word' id='word_1_204' title='bbox 823 2409 938 2467; x_wconf 79' lang='lat' dir='ltr'><strong>bendum</strong></span> <span class='ocrx_word' id='word_1_205' title='bbox 961 2409 1029 2464; x_wconf 79' lang='lat' dir='ltr'><strong>uidit</strong></span> <span class='ocrx_word' id='word_1_206' title='bbox 1050 2409 1128 2477; x_wconf 77' lang='lat' dir='ltr'><strong>Boo.)</strong></span> <span class='ocrx_word' id='word_1_207' title='bbox 1146 2416 1230 2465; x_wconf 87' lang='lat' dir='ltr'><strong>retur.</strong></span> 
     </span>
     <span class='ocr_line' id='line_1_24' title="bbox 226 2494 1128 2569; baseline -0.01 -11"><span class='ocrx_word' id='word_1_208' title='bbox 226 2507 357 2559; x_wconf 78' lang='grc' dir='ltr'><strong><em>τιθεῖσαν</em></strong></span> <span class='ocrx_word' id='word_1_209' title='bbox 406 2496 531 2569; x_wconf 75' lang='grc' dir='ltr'><strong><em>ἕτερον</em></strong></span> <span class='ocrx_word' id='word_1_210' title='bbox 547 2497 661 2567; x_wconf 81' lang='lat' dir='ltr'><strong>gloriam</strong></span> <span class='ocrx_word' id='word_1_211' title='bbox 672 2499 698 2553; x_wconf 92' lang='lat' dir='ltr'><strong>ei</strong></span> <span class='ocrx_word' id='word_1_212' title='bbox 710 2511 804 2567; x_wconf 86' lang='lat' dir='ltr'><strong>super·</strong></span> <span class='ocrx_word' id='word_1_213' title='bbox 822 2496 976 2552; x_wconf 86' lang='lat' dir='ltr'><strong>miseratum</strong></span> <span class='ocrx_word' id='word_1_214' title='bbox 988 2494 1128 2550; x_wconf 88' lang='lat' dir='ltr'><strong>immorta-</strong></span> 
     </span>
     <span class='ocr_line' id='line_1_25' title="bbox 226 2580 1128 2650; baseline -0.011 -7"><span class='ocrx_word' id='word_1_215' title='bbox 226 2583 345 2643; x_wconf 74' lang='grc' dir='ltr'><strong><em>εἴδωλον</em></strong></span> <span class='ocrx_word' id='word_1_216' title='bbox 390 2583 422 2640; x_wconf 84' lang='grc' dir='ltr'><strong>ἐν</strong></span> <span class='ocrx_word' id='word_1_217' title='bbox 466 2593 532 2648; x_wconf 85' lang='grc' dir='ltr'><strong><em>,τοῖς</em></strong></span> <span class='ocrx_word' id='word_1_218' title='bbox 548 2597 649 2650; x_wconf 89' lang='lat' dir='ltr'><strong>ponere</strong></span> <span class='ocrx_word' id='word_1_219' title='bbox 686 2582 806 2637; x_wconf 83' lang='lat' dir='ltr'><strong>adiciens</strong></span> <span class='ocrx_word' id='word_1_220' title='bbox 823 2582 900 2635; x_wconf 86' lang='lat' dir='ltr'><strong>litate</strong></span> <span class='ocrx_word' id='word_1_221' title='bbox 917 2580 1034 2635; x_wconf 87' lang='lat' dir='ltr'><strong>donasse</strong></span> <span class='ocrx_word' id='word_1_222' title='bbox 1054 2580 1128 2645; x_wconf 88' lang='lat' dir='ltr'><strong>[sub-</strong></span> 
     </span>
     <span class='ocr_line' id='line_1_26' title="bbox 225 2661 1128 2740; baseline -0.008 -14"><span class='ocrx_word' id='word_1_223' title='bbox 225 2661 534 2740; x_wconf 74' lang='grc' dir='ltr'><strong><em>ἅστροις,ὥστεδισσὰς</em></strong></span> <span class='ocrx_word' id='word_1_224' title='bbox 548 2666 587 2720; x_wconf 95' lang='lat' dir='ltr'><strong>illi</strong></span> <span class='ocrx_word' id='word_1_225' title='bbox 604 2667 678 2721; x_wconf 79' lang='lat' dir='ltr'><strong>aliud</strong></span> <span class='ocrx_word' id='word_1_226' title='bbox 700 2666 805 2733; x_wconf 82' lang='lat' dir='ltr'><strong>signum</strong></span> <span class='ocrx_word' id='word_1_227' title='bbox 823 2669 952 2728; x_wconf 84' lang='lat' dir='ltr'><strong>mutasse]</strong></span> <span class='ocrx_word' id='word_1_228' title='bbox 980 2670 1006 2718; x_wconf 90' lang='lat' dir='ltr'><strong>et</strong></span> <span class='ocrx_word' id='word_1_229' title='bbox 1029 2666 1128 2720; x_wconf 85' lang='lat' dir='ltr'><strong>aliam</strong></span> 
     </span>
     <span class='ocr_line' id='line_1_27' title="bbox 226 2743 1129 2824; baseline -0.009 -14"><span class='ocrx_word' id='word_1_230' title='bbox 226 2750 300 2824; x_wconf 70' lang='grc' dir='ltr'><strong><em>ἔχειν</em></strong></span> <span class='ocrx_word' id='word_1_231' title='bbox 317 2743 408 2822; x_wconf 66' lang='grc' dir='ltr'><strong><em>τιμάς.</em></strong></span> <span class='ocrx_word' id='word_1_232' title='bbox 548 2750 619 2803; x_wconf 89' lang='lat' dir='ltr'><strong>inter</strong></span> <span class='ocrx_word' id='word_1_233' title='bbox 652 2755 740 2813; x_wconf 76' lang='lat' dir='ltr'><strong>asna,</strong></span> <span class='ocrx_word' id='word_1_234' title='bbox 775 2754 807 2803; x_wconf 92' lang='lat' dir='ltr'><strong>ut</strong></span> <span class='ocrx_word' id='word_1_235' title='bbox 822 2749 947 2818; x_wconf 83' lang='lat' dir='ltr'><strong>posuisse</strong></span> <span class='ocrx_word' id='word_1_236' title='bbox 970 2765 1075 2817; x_wconf 86' lang='lat' dir='ltr'><strong>ursam,</strong></span> <span class='ocrx_word' id='word_1_237' title='bbox 1098 2755 1129 2803; x_wconf 91' lang='lat' dir='ltr'><strong>ut</strong></span> 
     </span>
    </p>

    <p class='ocr_par' dir='ltr' id='par_1_11' title="bbox 549 2833 1128 2902">
     <span class='ocr_line' id='line_1_28' title="bbox 549 2833 1128 2902; baseline 0 -14"><span class='ocrx_word' id='word_1_238' title='bbox 549 2833 670 2902; x_wconf 86' lang='lat' dir='ltr'><strong>duplices</strong></span> <span class='ocrx_word' id='word_1_239' title='bbox 704 2833 806 2889; x_wconf 83' lang='lat' dir='ltr'><strong>habeat</strong></span> <span class='ocrx_word' id='word_1_240' title='bbox 823 2833 1128 2890; x_wconf 88' lang='lat' dir='ltr'><strong>essentduoeiusbene-</strong></span> 
     </span>
    </p>

    <p class='ocr_par' dir='ltr' id='par_1_12' title="bbox 548 2918 1102 2984">
     <span class='ocr_line' id='line_1_29' title="bbox 548 2918 1102 2984; baseline 0.002 -12"><span class='ocrx_word' id='word_1_241' title='bbox 548 2918 675 2973; x_wconf 88' lang='lat' dir='ltr'><strong>honores.</strong></span> <span class='ocrx_word' id='word_1_242' title='bbox 824 2918 885 2974; x_wconf 89' lang='lat' dir='ltr'><strong>ficio</strong></span> <span class='ocrx_word' id='word_1_243' title='bbox 905 2919 930 2984; x_wconf 83' lang='lat' dir='ltr'><strong>[l.</strong></span> <span class='ocrx_word' id='word_1_244' title='bbox 949 2919 1102 2984; x_wconf 81' lang='lat' dir='ltr'><strong>beneficial.</strong></span> 
     </span>
    </p>
   </div>
   <div class='ocr_carea' id='block_1_10' title="bbox 223 3006 1380 4106">
    <p class='ocr_par' dir='ltr' id='par_1_13' title="bbox 226 3006 1380 3295">
     <span class='ocr_line' id='line_1_30' title="bbox 310 3006 1380 3091; baseline -0.002 -17"><span class='ocrx_word' id='word_1_245' title='bbox 310 3009 370 3076; x_wconf 92' lang='lat' dir='ltr'><strong>His</strong></span> <span class='ocrx_word' id='word_1_246' title='bbox 392 3008 500 3076; x_wconf 89' lang='lat' dir='ltr'><strong>statim</strong></span> <span class='ocrx_word' id='word_1_247' title='bbox 528 3006 613 3074; x_wconf 90' lang='lat' dir='ltr'><strong>addo</strong></span> <span class='ocrx_word' id='word_1_248' title='bbox 642 3011 756 3073; x_wconf 88' lang='lat' dir='ltr'><strong>testem</strong></span> <span class='ocrx_word' id='word_1_249' title='bbox 784 3008 966 3075; x_wconf 88' lang='lat' dir='ltr'><strong>aRoberto</strong></span> <span class='ocrx_word' id='word_1_250' title='bbox 993 3007 1190 3091; x_wconf 83' lang='lat' dir='ltr'><strong>neglectum,</strong></span> <span class='ocrx_word' id='word_1_251' title='bbox 1220 3027 1294 3072; x_wconf 92' lang='lat' dir='ltr'><strong>eum</strong></span> <span class='ocrx_word' id='word_1_252' title='bbox 1325 3006 1380 3091; x_wconf 91' lang='lat' dir='ltr'><strong>qui</strong></span> 
     </span>
     <span class='ocr_line' id='line_1_31' title="bbox 226 3106 1380 3193; baseline -0.003 -17"><span class='ocrx_word' id='word_1_253' title='bbox 226 3109 333 3177; x_wconf 81' lang='lat' dir='ltr'><strong>Servii</strong></span> <span class='ocrx_word' id='word_1_254' title='bbox 354 3108 583 3178; x_wconf 90' lang='lat' dir='ltr'><strong>commentaria</strong></span> <span class='ocrx_word' id='word_1_255' title='bbox 605 3106 832 3174; x_wconf 87' lang='lat' dir='ltr'><strong>additamentis</strong></span> <span class='ocrx_word' id='word_1_256' title='bbox 855 3106 977 3175; x_wconf 85' lang='lat' dir='ltr'><strong>ditavit.</strong></span> <span class='ocrx_word' id='word_1_257' title='bbox 1022 3108 1084 3174; x_wconf 90' lang='lat' dir='ltr'><strong>Hic</strong></span> <span class='ocrx_word' id='word_1_258' title='bbox 1112 3107 1196 3175; x_wconf 89' lang='lat' dir='ltr'><strong>enim</strong></span> <span class='ocrx_word' id='word_1_259' title='bbox 1219 3106 1261 3173; x_wconf 92' lang='lat' dir='ltr'><strong>ad</strong></span> <span class='ocrx_word' id='word_1_260' title='bbox 1284 3108 1380 3193; x_wconf 85' lang='lat' dir='ltr'><strong>Verg.</strong></span> 
     </span>
     <span class='ocr_line' id='line_1_32' title="bbox 226 3208 1242 3295; baseline -0.001 -19"><span class='ocrx_word' id='word_1_261' title='bbox 226 3211 342 3292; x_wconf 82' lang='lat' dir='ltr'><strong>Georg.</strong></span> <span class='ocrx_word' id='word_1_262' title='bbox 366 3212 381 3275; x_wconf 94' lang='lat' dir='ltr'>I</span> <span class='ocrx_word' id='word_1_263' title='bbox 403 3215 465 3276; x_wconf 83' lang='grc'><strong>246</strong></span> <span class='ocrx_word' id='word_1_264' title='bbox 488 3218 614 3295; x_wconf 90' lang='lat' dir='ltr'><strong>praeter</strong></span> <span class='ocrx_word' id='word_1_265' title='bbox 635 3210 701 3277; x_wconf 87' lang='lat' dir='ltr'><strong>alia</strong></span> <span class='ocrx_word' id='word_1_266' title='bbox 723 3209 966 3278; x_wconf 82' lang='lat' dir='ltr'><strong>Eratosthenica</strong></span> <span class='ocrx_word' id='word_1_267' title='bbox 986 3208 1128 3277; x_wconf 88' lang='lat' dir='ltr'><strong>servavit</strong></span> <span class='ocrx_word' id='word_1_268' title='bbox 1149 3208 1242 3275; x_wconf 86' lang='lat' dir='ltr'><strong>haee:</strong></span> 
     </span>
    </p>

    <p class='ocr_par' dir='ltr' id='par_1_14' title="bbox 227 3305 1379 3594">
     <span class='ocr_line' id='line_1_33' title="bbox 309 3305 1379 3394; baseline 0.002 -20"><span class='ocrx_word' id='word_1_269' title='bbox 309 3305 415 3375; x_wconf 87' lang='lat' dir='ltr'><strong>‘Hanc</strong></span> <span class='ocrx_word' id='word_1_270' title='bbox 436 3311 618 3378; x_wconf 90' lang='lat' dir='ltr'><strong>Phoenicen</strong></span> <span class='ocrx_word' id='word_1_271' title='bbox 640 3311 813 3378; x_wconf 87' lang='lat' dir='ltr'><strong>vocitatam</strong></span> <span class='ocrx_word' id='word_1_272' title='bbox 837 3311 967 3394; x_wconf 91' lang='lat' dir='ltr'><strong>quidam</strong></span> <span class='ocrx_word' id='word_1_273' title='bbox 989 3313 1103 3393; x_wconf 81' lang='lat' dir='ltr'><strong>ferunt,</strong></span> <span class='ocrx_word' id='word_1_274' title='bbox 1129 3310 1254 3376; x_wconf 89' lang='lat' dir='ltr'><strong>Dianae</strong></span> <span class='ocrx_word' id='word_1_275' title='bbox 1278 3311 1379 3378; x_wconf 88' lang='lat' dir='ltr'><strong>eomi-</strong></span> 
     </span>
     <span class='ocr_line' id='line_1_34' title="bbox 228 3410 1379 3496; baseline 0.005 -22"><span class='ocrx_word' id='word_1_276' title='bbox 228 3417 310 3492; x_wconf 81' lang='lat' dir='ltr'><strong>tem,</strong></span> <span class='ocrx_word' id='word_1_277' title='bbox 332 3410 443 3493; x_wconf 89' lang='lat' dir='ltr'><strong>iraque</strong></span> <span class='ocrx_word' id='word_1_278' title='bbox 467 3413 543 3494; x_wconf 88' lang='lat' dir='ltr'><strong>eius,</strong></span> <span class='ocrx_word' id='word_1_279' title='bbox 567 3411 654 3493; x_wconf 90' lang='lat' dir='ltr'><strong>quod</strong></span> <span class='ocrx_word' id='word_1_280' title='bbox 674 3413 810 3492; x_wconf 84' lang='lat' dir='ltr'><strong>gravida</strong></span> <span class='ocrx_word' id='word_1_281' title='bbox 832 3418 917 3480; x_wconf 87' lang='lat' dir='ltr'><strong>esset</strong></span> <span class='ocrx_word' id='word_1_282' title='bbox 941 3413 1087 3496; x_wconf 86' lang='lat' dir='ltr'><strong>inventa,</strong></span> <span class='ocrx_word' id='word_1_283' title='bbox 1115 3412 1149 3478; x_wconf 93' lang='lat' dir='ltr'><strong>in</strong></span> <span class='ocrx_word' id='word_1_284' title='bbox 1170 3432 1277 3480; x_wconf 85' lang='lat' dir='ltr'><strong>ursam</strong></span> <span class='ocrx_word' id='word_1_285' title='bbox 1306 3430 1379 3480; x_wconf 88' lang='lat' dir='ltr'><strong>esse</strong></span> 
     </span>
     <span class='ocr_line' id='line_1_35' title="bbox 227 3507 1375 3594; baseline 0.003 -18"><span class='ocrx_word' id='word_1_286' title='bbox 227 3517 384 3578; x_wconf 87' lang='lat' dir='ltr'><strong>mutatam</strong></span> <span class='ocrx_word' id='word_1_287' title='bbox 400 3518 497 3594; x_wconf 90' lang='lat' dir='ltr'><strong>atque</strong></span> <span class='ocrx_word' id='word_1_288' title='bbox 513 3511 655 3578; x_wconf 90' lang='lat' dir='ltr'><strong>eiusdem</strong></span> <span class='ocrx_word' id='word_1_289' title='bbox 672 3533 779 3580; x_wconf 91' lang='lat' dir='ltr'><strong>rursus</strong></span> <span class='ocrx_word' id='word_1_290' title='bbox 795 3513 1013 3580; x_wconf 85' lang='lat' dir='ltr'><strong>misericordia</strong></span> <span class='ocrx_word' id='word_1_291' title='bbox 1032 3513 1189 3582; x_wconf 89' lang='lat' dir='ltr'><strong>sideribus</strong></span> <span class='ocrx_word' id='word_1_292' title='bbox 1204 3507 1375 3580; x_wconf 77' lang='lat' dir='ltr'><strong>insertam.²</strong></span> 
     </span>
    </p>

    <p class='ocr_par' dir='ltr' id='par_1_15' title="bbox 223 3604 1379 4106">
     <span class='ocr_line' id='line_1_36' title="bbox 308 3604 1377 3699; baseline 0.002 -19"><span class='ocrx_word' id='word_1_293' title='bbox 308 3604 479 3699; x_wconf 83' lang='lat' dir='ltr'><strong>‘Adparet’</strong></span> <span class='ocrx_word' id='word_1_294' title='bbox 505 3613 607 3695; x_wconf 90' lang='lat' dir='ltr'><strong>inquit</strong></span> <span class='ocrx_word' id='word_1_295' title='bbox 628 3614 683 3680; x_wconf 91' lang='lat' dir='ltr'><strong>ille</strong></span> <span class='ocrx_word' id='word_1_296' title='bbox 705 3635 735 3699; x_wconf 93' lang='lat' dir='ltr'><strong>p.</strong></span> <span class='ocrx_word' id='word_1_297' title='bbox 753 3619 772 3678; x_wconf 85' lang='lat'><strong>2</strong></span> <span class='ocrx_word' id='word_1_298' title='bbox 794 3615 827 3680; x_wconf 92' lang='lat' dir='ltr'><strong>in</strong></span> <span class='ocrx_word' id='word_1_299' title='bbox 849 3615 921 3681; x_wconf 89' lang='lat' dir='ltr'><strong>adn.</strong></span> <span class='ocrx_word' id='word_1_300' title='bbox 942 3608 1153 3682; x_wconf 83' lang='lat' dir='ltr'><strong>‘decurtatam</strong></span> <span class='ocrx_word' id='word_1_301' title='bbox 1175 3633 1246 3682; x_wconf 90' lang='lat' dir='ltr'><strong>esse</strong></span> <span class='ocrx_word' id='word_1_302' title='bbox 1269 3634 1377 3682; x_wconf 87' lang='lat' dir='ltr'><strong>narra-</strong></span> 
     </span>
     <span class='ocr_line' id='line_1_37' title="bbox 225 3713 1379 3802; baseline 0.003 -21"><span class='ocrx_word' id='word_1_303' title='bbox 225 3718 343 3784; x_wconf 89' lang='lat' dir='ltr'><strong>tionem</strong></span> <span class='ocrx_word' id='word_1_304' title='bbox 366 3735 404 3780; x_wconf 90' lang='lat' dir='ltr'><strong>ao</strong></span> <span class='ocrx_word' id='word_1_305' title='bbox 426 3715 527 3782; x_wconf 85' lang='lat' dir='ltr'><strong>verba</strong></span> <span class='ocrx_word' id='word_1_306' title='bbox 550 3714 646 3780; x_wconf 86' lang='lat' dir='ltr'><strong>variis</strong></span> <span class='ocrx_word' id='word_1_307' title='bbox 669 3713 792 3782; x_wconf 87' lang='lat' dir='ltr'><strong>mendis</strong></span> <span class='ocrx_word' id='word_1_308' title='bbox 815 3714 1000 3802; x_wconf 80' lang='lat' dir='ltr'><strong>depravata,</strong></span> <span class='ocrx_word' id='word_1_309' title='bbox 1022 3736 1081 3784; x_wconf 90' lang='lat' dir='ltr'><strong>nec</strong></span> <span class='ocrx_word' id='word_1_310' title='bbox 1103 3716 1205 3784; x_wconf 89' lang='lat' dir='ltr'><strong>minus</strong></span> <span class='ocrx_word' id='word_1_311' title='bbox 1228 3725 1379 3802; x_wconf 83' lang='lat' dir='ltr'><strong>corrupta</strong></span> 
     </span>
     <span class='ocr_line' id='line_1_38' title="bbox 224 3816 1377 3903; baseline 0.002 -19"><span class='ocrx_word' id='word_1_312' title='bbox 224 3820 342 3901; x_wconf 86' lang='lat' dir='ltr'><strong>legisse</strong></span> <span class='ocrx_word' id='word_1_313' title='bbox 370 3816 575 3885; x_wconf 89' lang='lat' dir='ltr'><strong>scholiastam</strong></span> <span class='ocrx_word' id='word_1_314' title='bbox 601 3816 782 3884; x_wconf 81' lang='lat' dir='ltr'><strong>Germanioi</strong></span> <span class='ocrx_word' id='word_1_315' title='bbox 810 3824 866 3884; x_wconf 89' lang='lat' dir='ltr'><strong>aut</strong></span> <span class='ocrx_word' id='word_1_316' title='bbox 894 3819 986 3884; x_wconf 84' lang='lat' dir='ltr'><strong>Arati</strong></span> <span class='ocrx_word' id='word_1_317' title='bbox 1014 3838 1109 3903; x_wconf 91' lang='lat' dir='ltr'><strong>quem</strong></span> <span class='ocrx_word' id='word_1_318' title='bbox 1138 3825 1254 3886; x_wconf 89' lang='lat' dir='ltr'><strong>vocant</strong></span> <span class='ocrx_word' id='word_1_319' title='bbox 1282 3820 1377 3888; x_wconf 88' lang='lat' dir='ltr'><strong>inter·</strong></span> 
     </span>
     <span class='ocr_line' id='line_1_39' title="bbox 223 3917 1376 4006; baseline 0.001 -21"><span class='ocrx_word' id='word_1_320' title='bbox 223 3927 346 4004; x_wconf 89' lang='lat' dir='ltr'><strong>pretem</strong></span> <span class='ocrx_word' id='word_1_321' title='bbox 368 3920 526 3988; x_wconf 86' lang='lat' dir='ltr'><strong>Latinum.</strong></span> <span class='ocrx_word' id='word_1_322' title='bbox 549 3957 590 3967; x_wconf 95' lang='lat'>—</span> <span class='ocrx_word' id='word_1_323' title='bbox 612 3919 726 3986; x_wconf 89' lang='lat' dir='ltr'><strong>horum</strong></span> <span class='ocrx_word' id='word_1_324' title='bbox 748 3937 826 3985; x_wconf 89' lang='lat' dir='ltr'><strong>sane</strong></span> <span class='ocrx_word' id='word_1_325' title='bbox 847 3917 927 3986; x_wconf 90' lang='lat' dir='ltr'><strong>nihil</strong></span> <span class='ocrx_word' id='word_1_326' title='bbox 948 3919 1007 3986; x_wconf 92' lang='lat' dir='ltr'><strong>sub</strong></span> <span class='ocrx_word' id='word_1_327' title='bbox 1028 3919 1111 3987; x_wconf 88' lang='lat' dir='ltr'><strong>Ursa</strong></span> <span class='ocrx_word' id='word_1_328' title='bbox 1132 3921 1254 3988; x_wconf 91' lang='lat' dir='ltr'><strong>minore</strong></span> <span class='ocrx_word' id='word_1_329' title='bbox 1276 3921 1376 4006; x_wconf 84' lang='lat' dir='ltr'><strong>Hygi·</strong></span> 
     </span>
     <span class='ocr_line' id='line_1_40' title="bbox 224 4019 1375 4106; baseline 0.001 -19"><span class='ocrx_word' id='word_1_330' title='bbox 224 4041 284 4088; x_wconf 88' lang='lat' dir='ltr'><strong>nus</strong></span> <span class='ocrx_word' id='word_1_331' title='bbox 306 4023 420 4106; x_wconf 87' lang='lat' dir='ltr'><strong>habet,</strong></span> <span class='ocrx_word' id='word_1_332' title='bbox 443 4022 502 4089; x_wconf 92' lang='lat' dir='ltr'><strong>sed</strong></span> <span class='ocrx_word' id='word_1_333' title='bbox 524 4042 618 4105; x_wconf 88' lang='lat' dir='ltr'><strong>quam</strong></span> <span class='ocrx_word' id='word_1_334' title='bbox 641 4020 697 4087; x_wconf 91' lang='lat' dir='ltr'><strong>ille</strong></span> <span class='ocrx_word' id='word_1_335' title='bbox 719 4019 778 4087; x_wconf 89' lang='lat' dir='ltr'><strong>sub</strong></span> <span class='ocrx_word' id='word_1_336' title='bbox 802 4019 885 4088; x_wconf 89' lang='lat' dir='ltr'><strong>Ursa</strong></span> <span class='ocrx_word' id='word_1_337' title='bbox 906 4020 1026 4089; x_wconf 87' lang='lat' dir='ltr'><strong>maiore</strong></span> <span class='ocrx_word' id='word_1_338' title='bbox 1049 4021 1089 4089; x_wconf 92' lang='lat' dir='ltr'><strong>de</strong></span> <span class='ocrx_word' id='word_1_339' title='bbox 1112 4021 1245 4089; x_wconf 79' lang='lat' dir='ltr'><strong>Callisto</strong></span> <span class='ocrx_word' id='word_1_340' title='bbox 1267 4041 1375 4090; x_wconf 88' lang='lat' dir='ltr'><strong>narra-</strong></span> 
     </span>
    </p>
   </div>
   <div class='ocr_carea' id='block_1_11' title="bbox 0 0 1484 4734">
    <p class='ocr_par' dir='ltr' id='par_1_16' title="bbox 0 0 1484 4734">
     <span class='ocr_line' id='line_1_41' title="bbox 0 0 1484 4734; baseline 0 1"><span class='ocrx_word' id='word_1_341' title='bbox 0 0 1484 4734; x_wconf 95' lang='lat' dir='ltr'><strong> </strong></span> 
     </span>
    </p>
   </div>
  </div>
 </body>
</html>
