2988 4728
253 253 315 312 346
692 248 859 305 Reinholdus
877 247 967 304 Franz

252 429 289 492 ut
301 443 361 508 par
372 430 430 504 est,
446 422 488 488 ah
501 421 548 488 eis
558 419 796 505 proficiscimur,
812 438 896 501 quae
907 419 1101 486 domesticus
1114 418 1250 503 scriptor
1260 415 1422 503 prodidit,

254 525 391 610 primum
406 530 541 608 apparet
555 519 775 605 Pherecydem
791 522 854 603 vel,
877 520 905 586 si
920 521 1019 605 prior,
1041 520 1233 589 scholiastae
1248 526 1423 588 auctorem

254 627 344 692 illam
366 625 553 694 memoriam
576 645 648 692 cum
663 624 796 707 vulgata
817 623 864 689 ita
879 622 1091 705 coniunxisse,
1114 631 1149 689 ut
1165 643 1205 689 ex
1219 622 1283 689 hac
1296 624 1422 690 retine-

254 710 334 812 rent,
358 728 443 810 quod
459 725 607 794 deserere
622 725 727 792 minus
742 725 837 792 facile
854 725 953 808 licuit,
975 743 1092 792 nornen
1108 723 1269 808 Callistus,
1292 744 1335 790 ex
1358 724 1424 790 illa

253 835 454 897 assumerent
475 834 601 911 patrem
617 827 764 909 Ceteum;
789 825 906 894 deinde
924 824 1210 893 animadvertimus
1225 825 1422 893 Ariaethum

253 931 324 998 sive
346 931 413 997 eius
435 935 598 996 auctorem
619 935 791 1013 receptam,
812 930 834 996 i.
851 950 878 996 e.
899 927 1097 994 Hesiodeam
1117 928 1344 1011 genealogiam
1367 947 1422 993 se-

254 1037 361 1098 cutum
390 1050 462 1099 esse
479 1066 523 1075 —
540 1030 618 1096 satis
648 1031 733 1098 enim
763 1032 876 1098 habuit
896 1030 1034 1113 Megisto
1057 1027 1219 1115 Ceteoque
1249 1029 1283 1094 in
1310 1029 1422 1097 vicem

254 1132 406 1199 Callistus
427 1131 608 1198 substitutis
629 1131 713 1200 hanc
736 1134 912 1201 correxisse
933 1171 992 1216 -—,
1018 1135 1053 1197 at
1073 1132 1195 1216 priores
1217 1130 1421 1215 genealogos

254 1236 308 1302 vel
330 1239 416 1302 certe
432 1255 506 1302 eum
522 1253 617 1317 quem
633 1234 807 1303 scholiasta
823 1235 1048 1320 exscripsit-
1062 1231 1103 1300 de
1118 1231 1307 1316 Pherecyde
1330 1235 1421 1300 enim

254 1358 318 1404 non
340 1341 521 1404 constat-
537 1334 716 1403 Hesiodum
738 1358 801 1405 non
823 1337 1015 1423 respexisse,
1038 1335 1096 1402 sed
1115 1336 1267 1404 Callistus
1288 1342 1421 1420 patrem

255 1438 435 1524 posteriori,
459 1457 543 1521 quae
557 1442 631 1520 post
644 1438 675 1503 N
675 1439 786 1522 yotimi
802 1446 936 1505 mortem
950 1458 1084 1521 regnum
1099 1439 1303 1522 suscepisset,
1326 1440 1423 1523 genti

256 1541 437 1608 inseruisse.
483 1538 579 1605 Certa
607 1539 705 1621 igitur
726 1541 759 1605 in
781 1540 958 1608 stemmatis
981 1541 1060 1608 sede
1083 1540 1201 1608 Ceteus
1224 1541 1375 1627 carebat;
1400 1563 1421 1607 a

256 1641 388 1724 reliquis
410 1661 488 1708 vero
509 1642 696 1728 genealogis
718 1663 759 1708 ne
781 1648 1047 1710 commemoratur
1069 1642 1209 1724 quidem.
1253 1640 1420 1724 Sequitur,

144 1801 146 1806 ,
256 1744 351 1809 utin
387 1744 505 1810 fabulis
533 1744 614 1810 nihil
644 1745 759 1828 egerit,
794 1743 852 1811 sed
880 1744 973 1809 fictus
1002 1744 1043 1810 sit
1076 1766 1147 1812 cum
1175 1751 1230 1812 aut
1259 1766 1300 1812 ex
1329 1745 1420 1813 filiae

256 1846 382 1912 nomine
392 1850 424 1925 ¹).

342 1948 485 2015 Tertiam
508 1946 549 2014 de
571 1946 707 2013 Arcadis
730 1953 831 2014 matre
860 1947 1041 2030 opinionem
1067 1950 1210 2016 servavit
1231 1948 1419 2035 Stephanus

257 2048 440 2132 Byzantium,
464 2049 519 2133 qui
541 2049 574 2114 in
596 2070 627 2115 v.
645 2040 809 2128 Ἀρκαδία
831 2048 912 2114 haec
932 2048 1045 2116 habet:
1061 2043 1219 2137 Ἴστρος
1242 2049 1279 2115 δέ
1301 2076 1419 2140 φησιν,

257 2147 311 2214 ὅτι
329 2152 563 2231 Θεμιστοῦς
581 2152 638 2216 καὶ
652 2147 738 2226 Διὸς
761 2145 778 2215 ὁ
795 2141 915 2233 Ἀρκὰς
938 2148 1065 2235 ἐγένετο
1081 2153 1149 2217 κτλ.
1179 2154 1294 2220 Mirum
1308 2161 1420 2223 aulem

257 2251 291 2316 ni
323 2248 367 2315 ad
397 2250 533 2318 eundem
566 2251 700 2318 redeunt
729 2270 812 2333 quae
840 2251 872 2317 in
901 2253 1064 2337 Recognit.
1094 2254 1284 2322 Clementin.
1314 2259 1345 2322 X
1377 2264 1416 2322 21
1476 2245 1477 2326 1

258 2355 400 2418 exstant:
427 2345 598 2437 ‘(Iuppiter
625 2351 732 2437 vitiat)
762 2389 804 2398 -
830 2388 871 2398 —
901 2354 1065 2422 Themisto
1094 2357 1250 2440 Inachi,
1280 2379 1322 2424 ex
1353 2379 1419 2442 qna

257 2452 398 2520 nascitur
418 2445 537 2519 Arcas?
578 2454 681 2532 Quam
703 2455 926 2540 genealogiam
949 2456 1004 2538 qui
1025 2458 1148 2524 creavit
1167 2459 1332 2527 Arcadum
1354 2463 1418 2529 ori·

257 2555 365 2640 ginem
393 2575 434 2620 ex
463 2555 617 2638 Argolide
646 2558 805 2640 repetivit.
862 2558 956 2637 Quod
986 2559 1106 2643 primus
1141 2562 1216 2628 lecit
1244 2563 1476 2629 Acusilaus
1475 2587 1476 2660 i

144 2725 146 2730 ,
259 2657 415 2741 (frg.12,)
437 2677 509 2723 cum
532 2658 703 2741 Pelasgum
721 2660 800 2741 Argi
824 2658 944 2725 diceret
965 2663 1105 2746 fratrem,
1128 2662 1250 2730 Niobes
1273 2683 1315 2731 ex
1338 2665 1418 2733 Iove

260 2857 377 2928 cydem
369 2874 466 2928 ipsum,
484 2867 580 2912 moneo
598 2872 638 2924 ea,
657 2873 727 2926 quae
744 2863 886 2928 praeterea
905 2861 965 2917 sola
983 2863 1138 2932 comparari
1155 2869 1279 2934 possunt,
1298 2867 1369 2921 inter
1387 2884 1417 2922 se

259 2942 426 3012 discrepare3
446 2945 511 2997 sunt
528 2942 609 2996 haec:

402 3044 514 3099 Pherec.
533 3044 584 3112 frg.
599 3047 630 3098 85
926 3047 1017 3103 Schol.
1035 3047 1070 3102 ad
1088 3049 1154 3104 Eur.
1169 3050 1214 3105 Or
1231 3053 1296 3104 1646

294 3150 445 3218 Πελασγοῦ
472 3150 521 3202 καὶ
552 3149 773 3218 Δηιανείρας
834 3145 984 3221 Πελασγὸς
1012 3143 1028 3204 ὃ
1051 3144 1232 3223 Ἀργεῖος-
1246 3161 1368 3221 γυναῖκα
1384 3186 1416 3193 -

258 3231 369 3300 γίνεται
400 3222 532 3287 Λυκαων.
574 3251 660 3298 ουτος
680 3242 774 3336 γαμεῖ
798 3226 980 3306 ἀγαγόμενος
1005 3231 1128 3336 ἑμιχωρί
1129 3257 1165 3292 αν
1184 3231 1381 3308 Κυλλήνην,
1362 3237 1418 3312 αφ’

263 3310 416 3384 Κυλλήνην,
429 3313 564 3385 Νηίδα
533 3337 650 3388 νυμφην
669 3310 723 3388 αφ’
740 3319 773 3390 ής
798 3309 831 3391 ἧς
849 3315 883 3375 τὸ
904 3317 977 3391 ὅρος
996 3310 1072 3376 ου’τιο
1094 3326 1236 3388 καλεῖται,
1260 3316 1366 3380 υλὸν”
1349 3345 1415 3396 εσχε

260 3392 295 3453 τὸ
315 3391 387 3465 ὄρος
404 3420 421 3467 η
440 3397 567 3471 Κυλλήνη
583 3408 720 3460 καλεῖται.
802 3399 950 3470 Λυκαονα,
970 3400 1046 3469 ὸς-
1057 3410 1145 3462 παῖδα
1157 3403 1357 3510 ἐσχηκὼςέξ’
1353 3414 1416 3481 οο-
1472 3453 1473 3456 ,

799 3489 936 3553 θυσίας
964 3483 1110 3559 Νύκτιμον
1137 3489 1189 3562 τήν
1216 3487 1308 3566 αρχὴν
1338 3517 1414 3570 αυιῳ
1472 3505 1473 3544 1

798 3575 975 3630 καταλείπει.

261 3653 338 3708 Alter
356 3655 447 3706 tamen
465 3650 530 3720 quin
548 3653 659 3710 alterius
677 3657 867 3713 auctoritatem
886 3664 996 3713 secutus
1015 3659 1059 3725 sit,
1076 3660 1120 3714 vix
1138 3665 1229 3730 potest
1246 3662 1375 3719 dubitari.

349 3743 373 3802 1)
394 3735 487 3806 Κηιέα
506 3751 567 3790 cum
585 3738 705 3809 Cecrope
723 3747 751 3796 et
761 3743 916 3798 Erechtheo
930 3745 1083 3814 composuit
1099 3751 1127 3800 et
1138 3761 1200 3800 cum
1213 3749 1347 3819 Κητείοις
1363 3751 1416 3805 illis
1471 3767 1472 3818 ι

261 3822 411 3878 Homericis
429 3822 523 3876 nexuit
535 3823 713 3879 Wilamowitz
731 3827 760 3879 in
777 3826 886 3894 Quaest.
902 3829 980 3884 Hom.
1000 3846 1027 3899 p.
1041 3834 1090 3884 152
1109 3832 1171 3887 adu.
1187 3835 1227 3886 12.
1264 3833 1415 3890 Oblocntus
1471 3825 1472 3838 ¹

262 3907 287 3961 ei
305 3911 346 3962 est
364 3907 524 3973 Thraemer‚
542 3903 709 3977 ‘Pergamos’
727 3927 754 3980 p.
774 3915 822 3965 151
841 3913 902 3967 adn.
923 3919 945 3967 1.
982 3914 1041 3983 Ego
1060 3915 1169 3982 dubito,
1192 3932 1229 3972 su
1250 3933 1285 3972 ex
1310 3934 1340 3973 se
1365 3920 1416 3975 sibi

264 3988 401 4063 Μεγιστὼ
416 3986 587 4047 ‘Immunem'
605 3998 709 4062 patrem
728 3997 866 4052 creaverit.
