2988 4728
532 261 575 316 De
593 261 719 318 Callistus
736 261 838 318 fabula.
1196 262 1258 322 339

148 435 227 503 Silv.
243 437 287 501 IV
303 441 332 518 5,
348 441 425 517 5sq.
449 433 513 497 iam
540 440 612 500 trux
635 435 677 500 ad
707 434 851 501 Arctos
882 433 1127 500 Parrhasia-s
1158 434 1259 500 hiems

450 535 606 601 concessit
627 536 702 602 altis
724 537 838 602 obruta
860 536 989 602 solibus.

96 638 489 719 Theb.Vlll369sqq.—
512 674 554 682 —
577 673 616 682 -
640 637 762 720 liquido
785 640 873 705 velut
895 638 1024 704 aethere
1046 637 1146 704 nubes

442 737 552 804 invida
563 737 788 805 Parrhasiis
804 761 900 806 unum
913 740 941 804 si
952 739 1100 805 detrahat
1118 739 1258 822 astris,

445 848 572 906 huncus
594 839 695 907 honor
716 842 859 925 plaustri,
884 879 923 888 —

187 943 330 1011 Isidorus
353 941 460 1009 Ovidii
482 942 698 1009 narrationem
726 944 860 1010 reddere
883 963 922 1010 eo
955 942 1143 1023 convicitur,
1172 939 1257 1024 quod

99 1047 238 1114 Callisto
261 1046 339 1112 facit
360 1064 380 1108 a
401 1045 522 1111 Iunone
544 1063 741 1127 conversam,
765 1063 847 1126 quae
870 1046 932 1112 dea
954 1047 995 1111 ab
1019 1043 1260 1110 Eratosthenioa

97 1147 285 1214 narratione
313 1146 420 1213 aliena
448 1151 504 1212 est.
556 1145 693 1212 Statium
722 1167 785 1212 non
810 1147 1029 1228 Eratostheni,
1060 1147 1117 1212 sed
1140 1144 1257 1212 Ouidio

98 1251 245 1317 fabulam
274 1247 392 1316 debere
420 1248 539 1315 indicio
567 1255 640 1314 sunt
666 1265 777 1316 versus
805 1246 910 1332 ‘grata
937 1249 1121 1333 pharetrato
1151 1249 1257 1313 Nona-

98 1353 169 1419 cria
197 1372 272 1418 rura
297 1342 461 1432 Tonanti,
492 1368 554 1432 quo
584 1351 738 1419 memoria
767 1352 924 1418 excitatur
951 1341 1087 1435 virginis
1114 1369 1197 1434 quae
1225 1350 1257 1414 in

100 1456 231 1521 Metam.
248 1453 280 1517 ΙΙ
292 1457 352 1518 409
369 1452 485 1518 dicitur
499 1454 710 1539 Nonacrinae,
734 1461 767 1521 et
781 1451 862 1519 illud
881 1447 1014 1520 ‘oceano
1037 1453 1170 1519 vetitum
1194 1471 1258 1534 qua

98 1555 271 1622 Parrhasis
292 1556 400 1638 ignem
423 1605 504 1622 ....
527 1549 684 1640 pascitur?

190 1659 319 1740 Reliqui
341 1677 421 1741 quos
444 1657 573 1740 quidem
589 1679 630 1724 ex
646 1659 706 1725 hae
720 1663 828 1724 aetate
842 1658 985 1724 noverim
1008 1656 1138 1724 fabulae
1160 1663 1258 1724 testes

101 1765 177 1826 sunt
199 1761 247 1826 hi:

191 1861 382 1943 Gaetulicus,
405 1881 499 1945 quem
516 1861 662 1944 Caligula
678 1880 706 1925 a.
721 1865 761 1925 40
784 1860 949 1943 interfecit,
965 1860 1043 1942 (hg.
1066 1867 1149 1942 poet.
1166 1861 1256 1926 Rom.

101 1964 154 2032 ed.
178 1962 293 2031 Baehr.
315 1985 346 2048 p.
363 1963 457 2044 360:

259 2065 345 2131 sicca
368 2065 602 2148 Lycaonius
623 2065 786 2150 resupinat
806 2067 950 2148 plaustra
972 2065 1097 2130 Bootes.

191 2164 359 2232 Columella
378 2164 420 2232 de
442 2186 476 2232 re
496 2172 573 2232 rust.
596 2168 689 2248 Xlt,
710 2172 764 2232 15:
786 2168 845 2232 Vll
866 2166 938 2233 idus
960 2167 1054 2235 Febr.
1078 2167 1257 2236 Callisto

99 2269 192 2336 sidus
214 2267 339 2335 occidit.

189 2369 307 2434 Seneca
329 2368 409 2436 Oed.
433 2372 548 2449 lldsq.
572 2368 665 2450 (Leo)

308 2490 451 2556 quasque
473 2470 640 2554 despectat
662 2469 782 2535 vertice
806 2490 824 2536 e
846 2489 969 2536 summo

308 2572 419 2639 sidus
444 2573 661 2640 Arcadium
676 2572 700 2654 ¹)
724 2573 948 2655 geminumque
971 2576 1157 2659 plaustrum.

192 2746 215 2807 l)
228 2736 322 2797 ‘Sidus
339 2735 498 2796 Arcadium'
516 2759 580 2797 num
598 2742 702 2797 Seneca
718 2740 881 2797 intellexerit
897 2743 1038 2809 Arcadem,
1057 2759 1112 2797 non
1131 2744 1252 2809 Callisto,

100 2827 183 2881 valde
204 2826 270 2880 mihi
288 2827 414 2895 dubium
434 2827 560 2896 loquendi
577 2845 643 2883 usus
661 2828 801 2897 postulare
817 2827 935 2893 videtur,
953 2832 984 2883 nt
1002 2829 1034 2883 de
1053 2829 1164 2884 Callisto
1182 2829 1254 2897 cogi·

103 2919 209 2979 temus,
236 2927 306 2979 quae
324 2912 403 2965 etiam
421 2927 439 2965 a
455 2911 515 2968 Val.
534 2912 636 2967 Flacco
653 2913 666 2965 I
684 2916 733 2966 481
755 2913 796 2966 itu
819 2912 969 2979 significata
992 2916 1041 2968 est.
1076 2913 1154 2967 Licet
1174 2913 1257 2980 igitur

101 3013 185 3066 quam
207 2998 322 3052 maxime
350 2997 483 3066 suspicari
502 2997 631 3052 Senecam
654 2997 699 3051 hic
721 3012 780 3052 esse
803 2997 915 3051 oblitum
932 2996 1029 3050 Ursam
1046 2996 1256 3065 Plaustrnmque

100 3099 157 3138 non
177 3083 282 3138 diversa
300 3097 360 3138 asse
378 3081 463 3150 signa.
495 3081 667 3150 Quantopere
679 3081 813 3147 caelestia,
832 3095 902 3149 quaa
914 3095 1020 3150 semper
1037 3081 1061 3134 ei
1079 3084 1143 3134 sunt
1159 3081 1188 3135 in
1206 3097 1253 3135 ore

101 3169 191 3234 (locos
209 3182 387 3237 composuere
404 3167 431 3220 in
448 3167 502 3221 ind.
515 3166 614 3235 Pciper
625 3173 653 3220 et
664 3167 775 3220 Richter
792 3166 820 3220 in
838 3183 861 3220 v.
875 3165 965 3220 sidera
981 3183 1009 3234 p.
1023 3169 1090 3232 556),
1103 3165 1211 3220 nomina
1228 3168 1253 3219 ei

101 3249 1252 3323 sintsinecertaspccie,cognuscasexhischoriinThyesteiab.versibus(Shlsqq.):

205 3342 427 3406 monstraque
444 3331 636 3406 l‘plostraque'
656 3338 725 3393 coni.
743 3337 810 3398 Leo)
828 3351 974 3405 numquam
992 3336 1103 3405 perlusa
1119 3338 1187 3392 mari

205 3429 308 3493 merget
325 3423 443 3478 condens
462 3422 553 3476 omnia
570 3439 681 3492 gurges3

206 3512 241 3575 et,
261 3509 307 3577 qui
324 3507 426 3562 medias
444 3507 537 3562 dividit
554 3523 642 3575 ursas,

205 3594 322 3649 fluminis
339 3593 426 3648 instar
442 3592 564 3647 lubricus
581 3592 684 3662 Anguis

205 3694 356 3747 magnoque
373 3678 459 3733 minor
476 3678 570 3733 iuncta
587 3677 707 3732 Draconi

204 3764 303 3832 frigida
320 3764 387 3818 duro
406 3763 581 3832 Cynosura
598 3764 659 3831 gelu

207 3855 354 3917 custosque
372 3849 415 3904 sni
432 3848 525 3903 tardus
542 3848 693 3917 plaustri

205 3935 259 3988 iam
277 3950 332 3988 non
349 3934 452 3989 stabilis
470 3936 531 3988 ruet
548 3931 741 4004 Arctophylax.
763 3972 766 3977 -

104 4020 262 4089 quasivero
281 4019 422 4088 Cynosura
438 4034 494 4072 non
512 4019 626 4072 alterurn
644 4019 679 4073 sit
697 4034 712 4073 e
728 4018 855 4073 monstris
873 4021 935 4071 ante
958 4016 1012 4070 iam
1030 4018 1253 4072 commemoratis.
