2958 4734
498 317 542 372 De
559 316 686 373 Callistus
703 316 803 373 fabula.
1163 315 1225 376 293

70 500 293 578 conspecta
321 513 407 558 cum
433 511 567 558 amore
594 492 785 559 incensus
814 495 975 578 esset0),
1006 495 1045 562 in
1073 496 1224 562 silvam

71 595 307 678 (venantem)
329 593 601 680 persecutusl)
625 595 811 678 amplexu
835 595 1064 680 corripuit0)
1089 615 1223 677 quam·

69 699 134 764 vis
156 697 329 764 invitam
358 705 396 762 et
418 694 716 779 reluctantemf)
748 698 851 763 elam
873 699 1069 778 Iunonessl.
1115 695 1225 774 Quae

69 802 198 885 (certo
220 799 415 883 temporis
437 799 570 881 spatio
592 797 866 884 interiecto)¹¹)
894 800 961 865 ubi
989 800 1155 883 primum
1185 797 1225 862 in

69 903 216 988 puella
242 900 416 981 gravida
445 900 559 967 Iovis
587 902 737 966 lurtum
765 899 967 984 sensithl),
1002 900 1226 979 indignata

158 1041 185 1101 c)
203 1048 302 1088 omnes.
586 1033 612 1098 d)
629 1032 699 1100 Hpg.
712 1032 761 1088 111.

157 1122 183 1183 e)
202 1131 302 1173 omnes.
320 1148 354 1157 -
372 1119 448 1186 Quae
467 1116 496 1170 in
514 1117 602 1185 Apoll.
622 1117 692 1171 Bibl.
711 1116 745 1170 de
763 1117 827 1172 Iove
849 1116 942 1171 addita
959 1119 1023 1171 sunt
1046 1116 1129 1171 rerba
1150 1116 1224 1172 εἰκα-

70 1205 161 1269 σθείς,
180 1197 220 1268 ὠς
231 1203 284 1270 μὲν
295 1197 365 1259 ἔνιοι
377 1203 516 1274 λέγουσιν,
534 1194 675 1273 Ἀρτέμιδι,
694 1195 734 1266 ὥς
750 1201 780 1258 δὲ
793 1196 870 1267 ἔνιοι,
888 1195 1041 1258 Ἀπόλλωνι
1060 1200 1149 1255 aliena
1167 1215 1226 1255 esse

69 1292 133 1359 ipsa
154 1287 258 1342 indicat
282 1302 336 1357 qua
358 1286 508 1342 afferuntur
530 1285 618 1341 torma
641 1285 755 1342 dicendi.
791 1285 852 1340 Huc
870 1285 975 1341 accedit
998 1283 1070 1354 quod
1087 1283 1121 1338 de
1138 1283 1225 1339 omni·

70 1376 123 1430 bus
150 1388 326 1442 quaecunque
356 1387 390 1426 ex
413 1370 594 1426 Callimachea
617 1371 736 1440 pendent
759 1370 961 1426 narrationibus
984 1384 1019 1424 ne
1041 1383 1097 1423 uua
1120 1367 1227 1437 quidem

70 1460 154 1514 talem
172 1458 243 1512 Iovis
260 1457 384 1512 fraudem
393 1457 448 1510 ullo
463 1456 545 1511 serbo
563 1457 663 1524 tangit3
682 1471 761 1526 quam
776 1456 1044 1511 sioommemoratam
1062 1453 1227 1508 invenissent

70 1545 221 1612 scriptores
231 1547 303 1597 certe
312 1558 367 1597 non
377 1555 469 1597 omnes
478 1556 533 1596 uno
543 1539 905 1610 consensuquamreferrent
914 1539 1225 1608 indignamhabuissent.

161 1627 184 1694 f)
201 1626 326 1697 Apollod.
590 1630 617 1694 g)
634 1625 720 1680 schol.
738 1625 819 1679 Hom.

159 1712 189 1777 h)
205 1711 295 1780 Propo
311 1710 431 1781 peractis
454 1708 560 1764 demum
583 1710 720 1765 mensibus
739 1708 851 1765 callisto
874 1708 973 1763 lunoni
996 1723 1097 1778 poenas
1121 1707 1227 1764 dedisse
1317 1759 1319 1766 .

70 1797 175 1852 amissa
192 1795 283 1865 specio
301 1794 381 1850 simul
398 1793 499 1848 etrite
516 1799 597 1863 poeta
614 1793 714 1861 fingere
733 1793 834 1858 debuit,
853 1792 877 1847 si
892 1793 1025 1848 Iunonem
1038 1793 1124 1848 noluit
1136 1793 1178 1848 bis
1191 1794 1227 1848 ad

71 1896 185 1950 operam
202 1894 307 1934 vocare.
348 1877 423 1945 Quae
445 1882 476 1930 ut
493 1877 580 1932 denuo
597 1878 783 1944 interveniret,
807 1893 904 1933 noram
922 1876 1014 1931 afferri
1031 1878 1163 1932 rationem
1181 1893 1227 1931 ne·

71 1979 150 2021 cesse
172 1969 242 2031 erat3
268 1963 315 2018 sed
337 1963 418 2016 huius
441 1962 544 2016 nullum
568 1966 610 2018 est
632 1963 661 2016 in
683 1963 812 2017 memoria
836 1961 990 2030 vestigium
1015 1964 1106 2032 itaque
1135 1966 1226 2018 trans·

70 2049 262 2119 figurationem
279 2061 344 2101 nece
362 2049 504 2116 exceptam
523 2062 582 2103 esse
599 2052 698 2114 statuo,
717 2063 870 2116 quanquam
882 2047 1024 2102 manifesto
1043 2046 1123 2102 aliter
1140 2049 1227 2103 estin

1 2139 2 2188 ἔ
70 2133 224 2190 recentiore
241 2132 405 2187 narrationis
422 2131 518 2186 forma.
553 2131 598 2185 lta
615 2132 685 2186 euim
694 2131 816 2201 HygInus
833 2132 878 2208 ΠΙι
893 2147 969 2186 suam
986 2133 1169 2188 narrationem
1185 2135 1228 2188 iu-

1 2235 2 2278 l
71 2219 154 2290 cipit:
169 2212 249 2272 ‘Cum
267 2217 369 2272 calisto
385 2218 508 2286 Iuppiter
525 2223 598 2272 esset
613 2217 642 2270 in
659 2218 753 2272 silvam
770 2222 944 2288 persecutus,
968 2219 1099 2273 lunonem
1113 2234 1227 2273 -con-

1 2299 2 2330 *
70 2303 205 2367 tendisse,
222 2306 254 2356 ut
266 2317 326 2356 eum
340 2302 482 2356 manifesto
496 2302 597 2357 diceret
608 2301 825 2369 deprehendisse.
854 2304 944 2357 lovem
957 2308 1047 2358 autem
1060 2334 1092 2342 -
1105 2303 1134 2357 in
1145 2318 1226 2358 ursae

1 2399 2 2418 ¹
71 2387 191 2458 speciem
204 2400 364 2440 conversam
376 2385 524 2452 reliquisse.
553 2385 684 2438 Iunonem
695 2391 785 2439 autem
796 2384 825 2438 in
838 2400 869 2439 eo
882 2385 942 2440 loco
955 2402 1004 2454 pro
1017 2386 1119 2453 virgine
1135 2403 1228 2441 ursam

1 2481 2 2504 ἒ
71 2463 228 2528 invenisse.³
263 2469 305 2521 Ac
326 2467 371 2520 vix
387 2468 466 2520 aliter
482 2466 602 2534 intellegi
624 2472 739 2536 possunt
756 2468 914 2536 Apollodori
932 2469 965 2523 de
982 2469 1045 2524 iore
1062 2470 1145 2524 verba
1162 2476 1228 2543 βον

1 2547 2 2566 .
72 2555 201 2626 λόμενος
218 2541 350 2623 ὁὲἭραν
371 2556 472 2607 λαθεῖν
494 2551 534 2617 εἰς
556 2548 666 2625 ἄρκτον
686 2549 913 2624 μετεμόρφωσεν
937 2547 1030 2626 αὐτήν.
1073 2554 1142 2609 Cum
1164 2569 1227 2610 vero

73 2640 199 2712 Hyginus
217 2641 314 2705 pergat
327 2631 426 2703 ‘Quam
436 2635 542 2691 Dianae
553 2637 670 2704 venanti,
689 2641 720 2692 ut
737 2652 797 2692 eam
813 2637 986 2704 interficeret,
1004 2639 1205 2695 demonstrasse
1211 2633 1227 2705 ³,

2 2771 3 2776 ,
74 2724 192 2794 apparet
209 2722 254 2775 hic
276 2721 404 2789 temporis
428 2722 530 2775 nullam
553 2722 662 2776 omnino
685 2723 816 2777 rationem
839 2723 961 2777 habitam
982 2739 1055 2794 esse;
1078 2739 1132 2779 uno
1157 2725 1228 2779 enim

2 2823 3 2838 ³
75 2811 171 2862 tenore
188 2821 217 2860 se
235 2806 373 2875 excipiunt
391 2806 551 2861 concubitus
566 2806 769 2876 transfiguratio
781 2823 863 2864 mors.
890 2808 965 2876 Quae
976 2809 1144 2877 neglegentia
1155 2809 1230 2878 apud

75 2890 221 2961 Hyginum,
240 2906 300 2944 cum
318 2895 412 2959 partus
430 2905 486 2946 non
502 2892 665 2956 meminerit,
688 2892 778 2946 minus
795 2891 906 2946 offendit
928 2907 1008 2960 quam
1026 2893 1099 2962 apud
1116 2893 1230 2964 Apollo·

2 2993 3 3008 ν
76 2975 181 3038 dorum,
200 2989 232 3027 ac
249 2974 341 3042 prodit
357 2975 546 3044 mythographi
562 2976 771 3040 festinationem,
789 2976 836 3044 qui
848 2975 882 3029 ad
894 2977 984 3030 iovem
996 2976 1125 3030 mutantis
1138 2981 1229 3044 partes

2 3105 3 3124 ,
76 3058 224 3114 transtulit.
255 3057 307 3126 Qui
323 3065 387 3113 ante
406 3061 499 3115 oculos
517 3060 645 3113 habuisse
657 3058 816 3113 Callimachi
832 3059 938 3112 videtur
949 3059 983 3112 de
994 3058 1024 3113 Io
1037 3060 1229 3115 narrationem.

3 3129 5 3140 ’
75 3142 150 3198 Illud
167 3143 246 3205 enim,
265 3143 337 3211 qnod
353 3144 424 3197 luno
437 3139 590 3212 ‘suspicata
611 3143 639 3196 id
656 3142 729 3211 quod
746 3135 846 3196 euenit'
866 3141 1006 3210 coniugem
1029 3141 1168 3196 absentem
1186 3157 1228 3196 se·

79 3233 144 3281 cnta
162 3241 222 3282 essa
239 3226 351 3293 dicitur,
369 3227 439 3281 redit
460 3227 489 3281 in
505 3227 552 3283 lus
569 3227 664 3282 fabula
681 3228 755 3296 apud
772 3225 896 3281 Ouidium
918 3227 955 3292 (in
972 3227 1036 3281 Met.
1054 3226 1069 3279 l
1086 3230 1135 3282 eet
1151 3231 1230 3296 sqq),

78 3326 157 3378 quem
177 3327 239 3367 cum
258 3312 338 3367 Calvo
358 3311 402 3377 (ol.
419 3310 471 3379 lrg.
491 3316 576 3367 9-14
592 3313 625 3366 h.
644 3311 768 3376 Mueller)
787 3309 945 3366 Callimachi
967 3311 1078 3380 vestigia
1100 3311 1231 3380 pressisse

79 3401 196 3450 constat.
233 3395 329 3450 Traxit
343 3396 427 3464 igitur
443 3395 562 3451 eiusdem
579 3397 699 3450 narratio
717 3396 805 3450 altera
821 3395 942 3451 alteram.

148 3481 196 3545 hh)
214 3479 272 3547 Quo
291 3480 366 3548 signo
391 3481 418 3535 iu
435 3481 483 3534 illa
503 3481 572 3536 Iuno
595 3487 732 3534 auctorem
755 3480 880 3543 senserit,
904 3479 1036 3535 incertum
1060 3479 1229 3548 relinquitur.

80 3564 138 3618 Nec
154 3579 218 3620 vero
237 3580 305 3632 opus
323 3570 390 3630 erat,
409 3565 515 3635 opinor,
533 3566 609 3633 siguo
627 3566 681 3620 ullo
700 3569 750 3620 aut
766 3566 869 3630 nuntio,
887 3565 940 3620 nisi
957 3564 1028 3620 forto
1041 3565 1136 3620 'censes
1149 3564 1229 3620 (lalli-

80 3649 178 3704 macho
201 3665 257 3704 non
280 3649 389 3704 licuisse
406 3650 472 3704 deae
489 3649 552 3719 plus
575 3650 730 3719 sagacitatis
748 3649 868 3704 tribuere
886 3665 965 3716 quam
988 3648 1102 3703 feminae
1119 3647 1231 3703 cuilibet

81 3733 197 3788 mortali.
234 3734 343 3789 Ovidius
363 3737 442 3796 certe,
467 3736 513 3803 qui
536 3751 598 3788 oum
616 3733 781 3789 Callimacho
804 3736 939 3796 consentit
955 3735 1086 3789 Iunonem
1109 3732 1230 3798 coniugis

81 3817 183 3870 lurtum
200 3833 255 3872 non
272 3817 370 3874 vidisse
386 3817 433 3883 (cf.
451 3819 637 3886 notitias),
661 3835 713 3888 quo
733 3819 811 3873 modo
835 3818 882 3871 illa
903 3833 959 3872 rem
977 3817 1097 3872 rescierit
1119 3828 1231 3870 securus

81 3899 121 3952 ita
139 3905 231 3956 narrat
247 3903 276 3955 in
293 3902 358 3956 Met.
376 3903 405 3957 11
422 3906 472 3957 466
481 3917 535 3970 sq:

285 3988 412 4042 Senserat
428 3988 481 4042 hoo
499 3988 562 4043 olim
579 3988 668 4057 magni
684 3991 809 4042 matrona
825 3985 958 4041 Tonantis

286 4071 479 4141 distuleratque
495 4087 590 4141 graves
607 4074 636 4127 in
653 4071 750 4127 idonea
767 4076 890 4141 tempora
905 4086 1018 4140 poenas.
