2988 4728
502 281 544 336 De
562 281 688 340 Oulllstus
706 283 808 340 iabnls.
1168 287 1229 346 341

22 509 24 546 r
122 450 150 515 V
166 452 227 516 368
240 469 308 532 sqq.
325 471 388 518 non
404 471 496 521 secus
512 460 664 523 autumno
680 475 776 538 quam
792 476 864 522 cum
881 456 982 540 magis
998 464 1127 540 asperat
1140 458 1232 541 ignes

328 553 429 620 Sirius
451 563 507 623 aut
528 577 626 624 saevo
650 578 722 624 cum
744 579 808 624 nox
831 556 1014 624 accenditur
1035 579 1113 626 auro

21 704 23 808 η
326 657 476 724 luciferas
499 659 612 725 crinita
633 661 730 743 faces,
754 660 852 726 hebet
873 661 999 726 Arcas
1022 664 1054 726 et
1075 660 1189 743 ingens

324 757 475 844 Iuppiter.

133 857 295 921 Martialir
325 860 423 944 epigr.
438 861 483 927 IV
503 867 550 945 11,
566 865 585 926 3

326 961 379 1040 [de
388 962 559 1032 Saturnino
574 964 676 1046 quiin
692 963 865 1031 Germania
875 963 1066 1032 seditionem
1077 971 1232 1045 moverat]

327 1063 428 1147 impia
449 1065 672 1133 Parrhasia
694 1066 823 1134 movisti
845 1067 932 1132 bella
954 1066 1013 1132 snb
1036 1086 1139 1133 ursa.

167 1164 210 1231 VI
224 1168 310 1249 25‚2
333 1165 386 1245 [de
408 1167 511 1234 amico
534 1175 643 1234 contra
665 1169 772 1235 Dacos
794 1168 962 1245 militante]

328 1267 457 1336 horrida
479 1269 700 1336 Parrhasio
724 1289 819 1352 quem
841 1274 929 1336 tenet
950 1289 1042 1335 ursa
1062 1269 1147 1354 iugo.

18 1403 20 1470 η
170 1372 219 1451 58,
234 1374 306 1452 lsq.
328 1389 458 1437 cernere
469 1371 712 1439 Parrhasios
727 1372 803 1438 dum
814 1377 847 1439 te
858 1372 956 1455 iurat,
969 1372 1062 1455 Aule,
1079 1373 1234 1439 triones

18 1489 19 1494 ’
326 1474 501 1540 comminus
523 1479 555 1541 et
578 1473 681 1541 Getici
703 1473 810 1541 sidera
831 1472 924 1557 pigra
945 1472 1021 1558 poli,
1042 1510 1084 1519 —-

123 1570 313 1636 Claudianus
334 1574 425 1640 XVII
442 1578 503 1640 298
513 1594 561 1657 sq.
584 1574 690 1660 (Ieep)

326 1677 516 1743 conveniant
538 1678 612 1759 ursi,
635 1696 753 1762 magna
783 1695 863 1757 quos
889 1676 972 1742 mole
994 1677 1134 1760 rigentes

328 1786 420 1844 torva
442 1779 663 1862 Lycaoniis
686 1778 798 1844 Helice
819 1777 951 1845 miretur
972 1779 1015 1843 ab
1037 1781 1176 1846 astris.

80 1877 189 1944 XXVI
202 1882 263 1942 246
274 1898 321 1960 sq
335 1877 386 1957 [de
409 1883 542 1956 cometa]

331 1980 406 2046 inde
422 1981 667 2065 Lycaoniam
682 1982 836 2066 paulatim
853 1981 1006 2066 expulsus
1021 1981 1065 2048 ad
1080 1983 1233 2055 Arcton

327 2083 414 2149 crine
437 2104 520 2166 vago
543 2084 647 2151 Getici
669 2083 812 2150 foedavit
835 2081 944 2148 sidera
966 2083 1112 2167 plaustri.

170 2184 265 2252 Vides
280 2185 415 2252 (lallisto
438 2193 470 2252 et
484 2188 587 2254 Arcas
608 2187 641 2251 in
664 2185 739 2268 polo
761 2185 920 2269 fulgentes
942 2204 1038 2268 quam
1061 2186 1235 2255 familiares

80 2286 199 2351 fuerint
221 2287 383 2372 Romanis,
406 2306 509 2370 neque
530 2288 666 2355 inveniri
688 2287 743 2370 qni
765 2306 860 2353 unam
883 2308 901 2352 e
923 2287 1082 2371 prioribus
1104 2290 1234 2356 fabulae

81 2388 191 2454 formis
206 2407 241 2454 se
255 2389 415 2474 respicere
431 2396 486 2455 ant
501 2410 596 2456 nosse
611 2388 750 2474 aperiat;
766 2389 851 2470 quod
867 2388 954 2472 apud
970 2389 1111 2456 Graecos
1127 2396 1231 2474 poste-

81 2491 183 2557 riores
195 2508 262 2558 non
281 2490 369 2558 idem
385 2498 434 2558 est
448 2492 481 2560 in
496 2491 597 2557 forma
611 2489 854 2556 Eratosthenica
869 2509 1050 2573 consensor,
1072 2491 1147 2557 inde
1162 2511 1231 2574 per-

81 2593 205 2676 spicere
216 2591 291 2659 licet
303 2595 556 2678 apudltomanos
569 2593 652 2659 hanc
663 2592 827 2676 vulgatam
835 2611 906 2658 esse
918 2590 1233 2659 auctoritateOridii.

167 2695 229 2774 Qui
251 2700 286 2760 ut
307 2696 408 2764 tenuit
429 2697 610 2781 populares,
632 2696 678 2762 ita
697 2716 739 2763 ne
753 2694 886 2761 Graecis
909 2692 1039 2777 quidem
1062 2695 1158 2777 plane
1180 2715 1234 2761 ne-

13 2821 14 2872 l
81 2802 204 2883 glectus
233 2804 290 2865 est.
341 2800 425 2865 Nam
460 2799 606 2880 '1⁷zetzes,
635 2817 730 2880 quem
765 2797 934 2882 exscripsit
963 2802 1073 2864 auctor
1100 2797 1234 2864 Violarii

82 2899 244 2967 Endociae
268 2903 339 2984 533,
361 2901 403 2966 ad
426 2901 560 2968 Hesiodi
586 2921 637 2986 op.
661 2904 721 2965 564
751 2899 832 2965 haec
861 2899 1044 2965 adnotavit:
1076 2890 1234 2981 Ἀρκτοῦ-

82 3021 154 3090 ρος·
176 3005 294 3068 σοῦτον
316 3000 389 3068 οἷὸν
412 3004 544 3087 λέγουσι
567 2998 830 3076 Καλλιστοῦς
789 3023 849 3086 της
863 2997 1041 3072 Λυκάονος
1055 2998 1234 3081 θυγατρός,

13 3109 14 3196 ᾗ
79 3099 225 3190 Ἀρκάδα
247 3101 495 3224 καλούμενρν,ί
481 3102 534 3170 ότι
549 3098 635 3177 Διὸς
655 3103 853 3185 μιγνυμένου
875 3124 915 3186 τῃ
903 3098 1118 3164 Καλλιστοῖ
1135 3097 1184 3163 Η
1188 3124 1236 3182 ρα

83 3205 340 3294 ζηλοτυπήσασα
361 3204 485 3293 ταύτην
508 3228 627 3291 αρκτον
656 3199 831 3326 ἐποίησεν,
861 3200 1082 3287 ἐπερχομένην
1112 3198 1147 3264 δὲ
1175 3198 1235 3287 riv

82 3307 260 3376 Kalliterai
285 3305 318 3375 ἐν
340 3313 522 3396 κυνηγεσίῳ
543 3331 605 3372 κατ
650 3298 794 3372 αὗταῦὖ
827 3315 909 3381 παῖς
936 3323 1068 3389 τρωσας
1096 3294 1234 3384 ἀνεῖλεν,

83 3531 121 3583 At
133 3529 228 3584 adulta
239 3527 354 3598 primum
372 3528 492 3582 fumasse
507 3525 675 3594 conspicitur
691 3525 719 3579 in
732 3525 873 3590 Rudentia
892 3540 973 3593 quum
983 3523 1098 3579 Plautus
1116 3524 1235 3579 fabulum

82 3629 116 3670 ex
128 3613 233 3686 Dipltr'lr'
251 3613 356 3668 Graeca
367 3614 480 3668 vertisse
492 3612 617 3676 traditur,
635 3609 756 3678 prologo,
775 3623 852 3677 quem
866 3609 912 3677 qui
930 3609 1089 3680 pronuntiat
1099 3611 1236 3663 Arcturus

82 3698 233 3755 orationem
249 3697 288 3752 ita
306 3697 423 3752 orditur:

13 3771 14 3792 ¹
320 3781 374 3849 Qui
388 3781 476 3848 gentis
495 3778 581 3835 omnis
598 3778 735 3847 mariaque
754 3782 781 3831 et
798 3779 885 3832 terras
902 3782 991 3832 movet

321 3867 378 3921 eius
396 3881 468 3921 snm:
487 3881 547 3920 snm
564 3862 631 3919 ciris
649 3862 758 3917 civitate
777 3862 911 3918 caelitum.

82 3951 141 4008 Hac
159 3967 220 4008 cnm
237 3950 363 4020 opinione
385 3949 513 4007 cohaeret
531 3949 604 4018 quod
620 3952 717 4017 postea
734 3946 788 4003 diri
806 3947 982 4017 imperatores
1000 3945 1063 4001 inde
1086 3960 1104 4000 a
1122 3946 1237 4002 Caesare

82 4038 177 4094 stellae
194 4053 255 4093 esse
272 4035 438 4092 ferebantur.
