2958 4734
502 315 544 371 De
562 315 688 371 Callistus
706 314 809 372 fabula.
1169 317 1230 376 251

73 505 170 553 ursa
193 486 346 553 Dianae
375 492 470 553 ante
493 486 625 554 omnia
647 488 843 555 animalia
869 507 985 554 sacre
1014 507 1058 555 ac
1080 488 1234 558 dilecta

73 588 321 670 haberetur,
344 594 378 654 ut
392 589 505 674 priscis
520 588 716 672 temporibus
732 588 850 656 fabulis
871 610 942 656 cum
958 589 1021 658 dea
1036 592 1232 660 consociare·

75 696 137 773 tur,
159 689 336 774 posteriore
359 696 466 758 aetate
487 690 521 756 in
543 689 680 757 nummis
704 688 772 756 eius
794 689 900 775 effigie
915 691 977 758 dea
991 691 1231 777 significaretur.

75 791 181 870 Quam
204 811 298 858 ursae
321 792 426 860 vime
456 792 573 859 fabulis
595 791 758 875 signisque
783 793 962 861 necessarie
983 793 1234 862 demonstratam

75 892 232 977 gaudebit
255 894 309 975 qui
333 893 484 961 Callistus
507 900 652 962 naturam
677 893 871 976 fabulaeque
896 896 1053 983 principia
1080 896 1233 981 indagare

75 995 252 1062 conabitur.

621 1116 691 1191 §6.

164 1237 232 1300 Iam
254 1231 391 1298 nummis
412 1232 659 1298 Mantinensium
682 1251 722 1297 ex
745 1231 806 1299 hoc
834 1233 867 1298 in
888 1233 986 1301 alium
1008 1256 1127 1303 nexum
1154 1238 1234 1304 rele-

75 1336 161 1420 gatis
176 1335 220 1401 ad
234 1335 447 1418 Polygnotum
462 1333 665 1417 revolvimur,
687 1333 770 1400 inter
784 1342 912 1420 apertos
934 1334 1065 1421 quidem
1081 1335 1233 1404 Callistus

75 1437 206 1504 tabulae
229 1441 328 1502 testes
349 1435 614 1517 antiquissimum.
658 1435 720 1502 Hic
746 1437 814 1503 eius
840 1443 959 1504 sortem
981 1437 1121 1506 dilucide
1147 1440 1233 1524 pelle

76 1540 186 1606 ursina
207 1535 456 1621 significaverat:
487 1537 542 1620 qui
569 1557 646 1604 vero
669 1558 733 1603 non
763 1539 862 1605 multo
890 1545 964 1623 post
992 1541 1136 1623 pluribus
1165 1543 1233 1610 eius

77 1640 271 1708 mentionem
293 1639 376 1723 fecit,
400 1639 587 1706 Eumenous
608 1641 641 1706 in
663 1640 798 1723 Helena,
821 1647 925 1707 utrum
940 1642 1075 1710 eandem
1090 1665 1131 1710 an
1146 1664 1233 1731 pror-

77 1762 131 1808 sus
146 1742 245 1810 aliem
267 1740 410 1806 fabulam
424 1745 550 1807 secutus
572 1740 624 1824 sit,
646 1747 775 1826 propter
796 1743 934 1810 laceram
957 1745 1144 1813 memoriam
1166 1767 1230 1813 non

78 1851 127 1912 est
149 1843 244 1911 facile
266 1842 452 1909 diiudicatu.
497 1841 568 1920 Qua
593 1841 634 1910 de
664 1863 763 1910 cause
791 1845 934 1928 longiore
961 1845 1014 1912 hic
1043 1847 1131 1914 locus
1160 1854 1234 1932 eget

79 1945 311 2029 disquisitione,
333 1952 370 2011 ut
391 1952 506 2027 poetae
528 1945 721 2013 sententiam
742 1965 975 2030 recuperemus.

162 2048 302 2130 Helena,
339 2046 426 2130 qnod
452 2047 556 2114 forma
582 2067 642 2115 sua
677 2051 709 2113 et
737 2045 886 2114 Troianis
916 2053 949 2114 et
975 2048 1107 2116 Graecis
1135 2048 1233 2118 exitio

75 2153 200 2234 fuisset,
223 2157 337 2233 questa
357 2147 408 2215 his
430 2149 534 2233 pergit
549 2148 656 2217 verbis
678 2147 826 2217 socordia
847 2149 1050 2219 librariorum
1071 2153 1156 2219 male
1178 2153 1232 2219 ob·

76 2252 214 2350 scutatis
235 2258 268 2317 et
288 2271 393 2335 paene
414 2250 458 2316 ad
479 2249 713 2337 desperandum
736 2253 890 2334 corruptis
904 2249 928 2336 1)
950 2273 980 2319 v.
1004 2257 1065 2319 375
1084 2274 1155 2338 sqq.
1176 2254 1233 2321 N.:

187 2349 213 2419 ὠ
235 2352 346 2438 μάκαρ
364 2343 528 2438 Ἀρκαδίᾳ
551 2351 634 2417 ποτὲ
657 2355 810 2437 παρθένε
832 2353 1026 2427 Καλλιστοῖ,
1048 2352 1134 2430 Διὸς

187 2453 208 2521 ἃ
231 2456 350 2537 λεχέων
372 2452 497 2537 εἰτίβας
518 2451 745 2539 τετραβάμοσι
765 2458 881 2538 γυίοις,

187 2551 231 2634 ὡς
253 2553 340 2622 πολὺ
362 2553 489 2641 ματρὸς
511 2553 593 2638 ἐμᾶς
616 2553 729 2638 ἔλαχες
751 2555 864 2638 πλέον,

186 2653 207 2724 ἆ
228 2660 345 2746 μορφᾷ
366 2659 482 2745 θηρῶν
505 2657 705 2742 λαχνογυίων
714 2659 742 2742 ²)

186 2755 312 2845 ὄμματι
334 2758 447 2846 λάβρῳ
471 2761 579 2846 σχῆμα
602 2758 735 2847 λεαίνης

187 2853 384 2941 ἒξαλίάξαο’
412 2855 493 2942 ὄχεα
516 2858 632 2948 λύττης.

77 2968 171 3047 Quae
184 2967 222 3050 si,
239 2972 396 3050 quatenus
411 2963 557 3047 intellegi
572 2969 715 3048 possunt,
732 2963 873 3030 breviter
886 2962 1060 3047 reddimus,
1076 2968 1235 3034 sententia

76 3067 187 3156 prodit
215 3070 311 3136 haec:
330 3061 372 3134 ‘0
396 3067 492 3133 beata
514 3065 664 3149 Callisto,
693 3085 776 3149 quae
805 3084 959 3133 conversa
987 3063 1063 3132 ieris
1090 3065 1125 3132 in
1147 3068 1234 3134 Iovis

76 3172 281 3256 amplexum,
316 3188 413 3252 quam
442 3171 542 3235 multo
570 3176 665 3235 nacta
693 3188 728 3234 es
756 3186 828 3233 mea
856 3171 957 3233 matre
986 3165 1134 3251 meliora,
1163 3188 1234 3235 cnm

78 3275 206 3341 bestiae
220 3271 353 3356 figuram
373 3272 486 3339 sortita
506 3270 689 3338 liberareris
708 3260 925 3352 aegritudine?
945 3301 982 3311 -
1000 3269 1037 3334 In
1053 3269 1234 3337 universum

78 3374 212 3459 quidem
234 3373 315 3441 haec
336 3380 414 3459 apta
428 3381 502 3441 sunt
523 3374 606 3440 inter
619 3392 654 3440 se
670 3378 702 3439 et
717 3368 929 3453 cohaerentia,
952 3367 1011 3435 sed
1031 3372 1172 3440 fabula
1193 3393 1235 3441 ex

78 3477 127 3545 eis
157 3476 276 3543 eminet
309 3476 431 3561 plane
463 3474 692 3558 singularis.
743 3473 891 3541 Summas
922 3491 999 3539 vero
1030 3471 1235 3542 difficultates

78 3579 222 3646 continet
244 3583 276 3644 et
300 3596 411 3645 omnes
433 3578 539 3645 adhuc
561 3575 808 3663 explicandique
835 3582 867 3642 et
888 3573 1080 3642 emendandi
1102 3581 1235 3642 conatus

168 3733 192 3794 1)
210 3727 321 3794 Totins,
345 3729 422 3784 cuius
445 3743 509 3798 pars
527 3735 569 3783 est
586 3729 638 3783 iste
660 3726 751 3792 locus,
774 3725 900 3782 carminis
924 3740 956 3780 ea
980 3729 1022 3779 est
1044 3724 1180 3791 condicio,
1205 3730 1236 3779 nt

79 3813 281 3883 comprobetur,
294 3814 367 3883 quod
380 3830 441 3868 cum
454 3813 555 3868 Cobeto
566 3811 744 3866 Wilamowitz
756 3810 886 3866 iudicauit
896 3809 925 3865 in
937 3809 1016 3864 Anal.
1029 3809 1124 3878 Eurip.
1138 3826 1165 3878 p.
1177 3812 1235 3878 244,

74 3895 246 3954 ‘Helenema
259 3899 377 3953 librariis
387 3897 557 3967 nequissimis
572 3902 628 3952 tam
638 3897 706 3951 male
719 3895 838 3951 habitam
853 3911 922 3963 esse,
937 3897 969 3949 nt
980 3892 1114 3964 permulta
1127 3895 1235 3950 omnino

79 3982 180 4052 corrigi
195 3975 348 4053 nequeant?

168 4073 194 4136 2)
212 4068 258 4123 Sic
275 4067 427 4124 emendavit
443 4066 544 4124 Reislre
561 4067 686 4124 codicum
703 4061 794 4137 λάχνα
812 4069 908 4139 γυίων.
1068 4149 1083 4182 *

1030 4153 1060 4202 17
