2988 4728
271 360 333 422 310
712 357 879 414 Reiuholdus
897 357 987 413 Franz

359 530 514 597 Doctrina
533 530 636 615 magis
653 549 750 612 quam
772 529 899 614 ingenio
915 531 1126 597 excellentem
1142 536 1255 598 auctor
1276 532 1311 597 in
1333 532 1382 599 eis
1406 554 1441 601 se

275 638 427 719 praestat,
450 651 532 715 quae
556 632 597 698 de
618 651 677 699 suo
692 631 826 698 addidit.
864 633 1005 699 Primum
1027 631 1122 713 enim,
1144 638 1179 698 ut
1193 631 1332 700 Arcadis
1346 637 1442 719 pueri

274 735 343 801 fata
363 734 532 816 intexeret,
556 733 607 799 bis
629 732 757 800 induxit
778 734 954 818 caprarios,
981 753 1045 799 non
1069 732 1244 799 admodum
1265 735 1355 819 scite,
1381 735 1442 802 sed

275 838 369 904 docte
397 821 506 920 procul
537 833 649 901 dubio:
679 853 753 900 nam
783 834 911 918 pascuis
938 841 1024 901 terra
1052 835 1239 902 abundabat
1268 842 1301 903 et
1332 839 1441 922 capris

277 936 477 1022 potissimum
499 941 576 1021 apta
597 941 689 1000 erant
718 954 801 1017 quae
825 937 952 1021 Lycaeo
980 936 1132 1004 adiacent
1159 938 1231 1004 loca
1260 958 1379 1022 aspera
1407 947 1441 1006 et

276 1043 444 1103 montuosa
463 1034 517 1119 (of.
533 1036 659 1103 Curtius
682 1037 792 1123 Pelop.
808 1037 824 1101 I
838 1059 870 1122 p.
889 1041 957 1104 169.
973 1039 1060 1120 318).
1100 1037 1235 1122 Deinde,
1255 1047 1290 1105 ut
1305 1059 1441 1108 eausam

275 1138 488 1205 catasterismi
510 1137 681 1222 inveniret,
707 1140 894 1224 religionem
915 1140 1035 1223 Lycaei
1057 1139 1214 1222 adhibuit,
1237 1140 1329 1206 cuius
1350 1162 1439 1208 men-

276 1240 396 1307 tionem
412 1239 533 1306 faoiunt
549 1242 642 1306 Paua.
658 1242 736 1308 VIII
751 1246 802 1322 38,
819 1245 838 1304 6
855 1239 1108 1322 (aspectatores
1125 1239 1159 1306 ἐν
1175 1235 1266 1325 αὐτῷ
1280 1249 1439 1308 Λυκαίου

278 1341 373 1421 Διός,
400 1340 517 1417 ἐ’σοὸος
538 1341 575 1406 δὲ
598 1341 655 1408 οὐκ
677 1341 768 1408 ἔστιν
785 1341 819 1419 ἐς
835 1335 914 1407 αὐτὸ
933 1336 1150 1427 ἀνθρώποις·
1173 1337 1381 1425 ὑπεριδόντα
1403 1343 1440 1410 ob

277 1446 336 1509 τοῦ
359 1442 461 1527 νόμου
483 1444 539 1507 καὶ
563 1440 748 1509 ἐσελθόντα
771 1436 892 1530 ἀνάγκη
909 1447 1005 1509 πᾶσα
1022 1437 1122 1510 αὐτὸν
1142 1442 1295 1510 ἐνιαυτοῦ
1318 1444 1439 1528 πρόσω

277 1543 322 1632 μὴ
345 1547 479 1626 βιῶναι)
509 1553 541 1611 et
561 1545 645 1610 Plut.
668 1545 700 1610 in
722 1546 852 1625 Quaest.
876 1546 930 1612 Gir.
955 1549 994 1610 39
1017 1569 1048 1632 p.
1072 1553 1143 1612 300.
1190 1546 1253 1613 (iun
1276 1547 1439 1614 Arcadem

280 1646 415 1726 lingeret
436 1652 569 1712 matrem
593 1647 656 1713 telo
679 1647 915 1730 insequentem,
945 1667 1075 1714 causam
1099 1648 1246 1734 praebuit
1274 1649 1439 1730 signorum

279 1747 361 1813 inter
382 1767 418 1814 se
433 1748 610 1833 collocatio,
634 1768 717 1831 qnae
738 1750 803 1815 iam
818 1749 861 1815 ab
876 1750 985 1832 Arato,
1008 1750 1063 1834 qui
1078 1769 1181 1831 ursas,
1203 1769 1267 1815 non
1283 1751 1438 1834 plaustra,

277 1849 482 1934 agnoscitlof.
492 1871 522 1916 v.
531 1850 595 1932 27),
608 1851 691 1916 hunc
701 1851 736 1917 in
747 1850 876 1917 modum
887 1852 1049 1935 descripta
1061 1857 1110 1917 est
1121 1851 1345 1918 Phaenvs91
1355 1871 1439 1935 sqq:

400 1945 579 2028 Ἑξόπιθεν
603 1942 635 2015 δ’
658 1947 784 2039 Ἑλίκης
806 1955 944 2039 φέρεται
967 1950 1276 2028 clarenbaude

402 2048 641 2139 Ἀρκτοφύλαξ,
664 2052 722 2118 τόν
744 2044 776 2140 ῥ’
804 2047 921 2137 ἄνδρες
944 2051 1150 2119 ἐπικλείουσι
1172 2052 1322 2142 Βοώτην,

407 2145 514 2232 οὕνεχ’
539 2148 706 2240 ἆμαξαίης
728 2152 952 2240 ἐπαφώμενος
975 2153 1102 2221 εἴδεται
1117 2149 1272 2239 Ἄρκτου.

366 2253 511 2320 Fabulae
541 2260 689 2320 naturam
720 2275 816 2337 quam
844 2277 957 2340 parum
984 2258 1163 2342 respexerit
1191 2277 1250 2322 neo
1278 2260 1441 2326 curaverit

280 2356 485 2440 genealogos,
508 2355 543 2421 id
565 2355 756 2425 documento
773 2364 831 2440 est,
855 2358 941 2441 quod
956 2358 1116 2426 Arcadem
1137 2360 1231 2425 finxit
1252 2357 1440 2426 adoloscen-

279 2460 380 2525 tulum
404 2478 475 2524 cum
498 2465 600 2525 matre
623 2467 707 2525 terra
728 2461 910 2546 abreptum,
938 2461 1031 2545 quasi
1059 2461 1198 2528 nesciret
1227 2458 1312 2525 hunc
1342 2481 1440 2544 regno

281 2566 414 2645 accepto
436 2560 559 2627 nationi
575 2580 665 2627 suum
688 2583 805 2629 nomen
828 2570 861 2630 et
881 2563 1004 2644 regiam
1018 2561 1204 2645 progeniem
1221 2559 1362 2631 dedisse.
1399 2564 1441 2628 ut

282 2662 380 2727 talem
404 2662 618 2727 narrationem
641 2663 805 2745 assignare
826 2670 996 2747 potuerunt
1017 2663 1176 2730 Hesiodo!

369 2762 489 2828 Auctor
511 2762 567 2827 vix
589 2761 672 2828 alius
695 2770 744 2829 est
765 2764 826 2829 nisi
847 2764 932 2847 ipse,
955 2763 998 2829 ad
1021 2783 1115 2846 quem
1139 2765 1441 2833 Oatasterismorum

283 2863 433 2929 materies
456 2861 548 2944 redit,
571 2863 806 2927 Eratosthenes.
844 2866 929 2933 Nam
945 2865 1248 2933 Callimachomt
1201 2888 1233 2931 rn
1235 2874 1284 2932 ter
1307 2875 1340 2935 et
1360 2870 1440 2934 ura-

280 2965 463 3032 tosthenem
478 2965 649 3048 exstitisse,
667 2985 722 3048 qur
713 2966 848 3032 illius
838 2975 971 3034 inventa
986 2967 1183 3052 amplificata
1198 2969 1273 3034 huic
1288 2970 1440 3054 traderet,
1487 2927 1488 3006 I

281 3073 445 3135 auctorem
468 3068 562 3134 nohis
584 3067 728 3150 ignotum
744 3069 816 3150 quis
831 3068 961 3136 tandem
976 3075 1106 3153 statuat,
1129 3071 1365 3156 aRoberto(p
1383 3072 1439 3156 32)

281 3171 470 3253 praesertim
486 3168 618 3237 edoctus
633 3169 881 3238 Eratosthenem
897 3191 952 3238 eos
967 3171 1160 3255 neglexisse,
1175 3171 1231 3254 qui
1247 3171 1325 3238 data
1340 3193 1440 3257 opera

281 3268 322 3336 de
350 3268 508 3336 sider'dous
531 3272 747 3357 scripsissent,
778 3271 971 3356 Hermippos
993 3279 1025 3338 et
1047 3272 1264 3357 Hegesianact
1251 3275 1322 3339 tes?
1358 3274 1439 3341 Con·

280 3371 366 3435 ferre
388 3391 452 3436 non
474 3372 543 3437 inut
530 3373 587 3439 tile
601 3374 731 3440 videtur
745 3393 828 3456 quae
851 3373 891 3438 de
906 3373 1038 3457 Virgine
1052 3374 1277 3458 proferuntur
1268 3395 1302 3440 rn
1317 3376 1438 3443 (latest.

279 3472 328 3537 IX
349 3492 380 3557 p
398 3475 455 3538 82.
487 3472 617 3561 Ταύτην
636 3469 714 3540 Ἡοί
701 3473 846 3552 ίοὸος’
821 3472 929 3562 είρηκε
954 3478 1125 3559 θυγατέρα
1146 3472 1232 3551 Διὸς
1253 3477 1309 3541 καὶ
1336 3480 1441 3561 Θέμι·

282 3572 348 3653 tog,
372 3573 555 3640 καλεῖσθαι
584 3573 620 3640 δὲ
649 3600 751 3664 ουτην
772 3581 887 3663 Δίκην.
931 3576 1089 3642 Iustitiam
1112 3576 1309 3643 Hesiodeam
1331 3578 1439 3646 adsr·
1487 3547 1488 3642 λ

283 3675 360 3743 dera
382 3677 603 3742 translatam
594 3697 659 3742 uam
682 3678 768 3762 apud
783 3677 948 3744 Aratum
939 3676 1240 3760 1nvenimus(cuius
1261 3681 1416 3747 mentio
1405 3703 1440 3747 1n

283 3779 403 3844 catast.
426 3778 617 3862 interpolata
640 3784 705 3862 est,
734 3781 773 3845 cf.
796 3781 875 3846 Rob.
900 3801 931 3864 p.
948 3779 1013 3862 33),
1036 3797 1220 3861 quanquam
1242 3781 1330 3864 apud
1353 3781 1442 3850 hunc

281 3887 432 3963 parentes
460 3901 523 3948 non
550 3888 624 3946 sunt
645 3879 754 3946 iidem.
799 3881 865 3946 Sed
887 3880 1114 3949 Eratosthenes
1142 3880 1303 3947 rediitad
1325 3883 1439 3951 Hesio·

284 3982 391 4048 dum'
383 4004 496 4068 ipsum,
519 3981 658 4048 retinens
680 3988 790 4048 tamen
813 3983 1074 4050 catasterismum.
1112 3983 1202 4048 Idem
1224 3984 1344 4049 facturn
1367 4005 1441 4052 esse
1487 4013 1488 4084 η

282 4083 374 4149 vides
402 4084 553 4168 atquem
576 4084 727 4150 Callistus
748 4083 875 4168 tabula,
903 4104 999 4167 quam
1027 4085 1060 4151 in
1090 4105 1208 4152 novam
1229 4085 1367 4152 formam
1390 4107 1441 4154 re-
