2988 4728
693 1008 957 1075 EPIME'PRUM.

329 1165 378 1232 De
401 1165 574 1230 Husronuo
597 1180 747 1229 caesana
769 1175 1005 1227 nsunonorflco
1029 1177 1111 1240 quae
1139 1156 1245 1223 adhuc
1273 1158 1409 1242 prolata

242 1271 318 1332 sunt
339 1266 460 1334 iudicia
482 1285 553 1332 oum
575 1265 657 1331 inter
679 1283 715 1330 se
736 1283 849 1348 parum
865 1261 1055 1345 conspirent,
1077 1266 1109 1325 et
1131 1265 1218 1326 mota
1232 1260 1340 1343 potius
1363 1259 1409 1326 sit

245 1367 391 1450 quaestio
407 1386 505 1449 quam
519 1367 678 1446 absoluta,
693 1364 759 1430 iam
775 1380 986 1446 quaeeunque
1000 1361 1078 1428 illuc
1091 1366 1149 1426 aut
1163 1360 1282 1426 diserte
1296 1362 1410 1428 relata

243 1475 300 1535 aut
327 1469 539 1552 probabiliter
566 1467 735 1534 referenda
766 1463 921 1531 memoria
954 1464 1046 1529 nobis
1080 1462 1256 1529 servaverit
1284 1482 1409 1546 operae

243 1569 380 1653 pretium
402 1575 451 1634 est
465 1566 611 1653 componi
628 1573 724 1652 atque
743 1565 929 1647 examinari,
952 1572 987 1632 ut
1002 1565 1142 1647 tandem
1166 1563 1283 1646 quibus
1306 1565 1407 1632 aesti-

245 1669 346 1735 matio
369 1670 496 1752 nitatur,
523 1675 610 1736 certa
631 1669 756 1736 subsint
777 1667 993 1734 fundamenta.

328 1771 465 1838 Hesiodi
475 1773 535 1838 sub
548 1771 677 1838 nomine
691 1790 820 1837 carmen
836 1769 1082 1836 astronomicum
1098 1766 1319 1833 circumlatum
1332 1787 1410 1834 esse

243 1876 343 1938 testes
364 1880 439 1938 sunt
461 1872 665 1956 Asclepiades
685 1872 870 1955 Myrleanus
894 1867 927 1934 ἐν
949 1871 998 1954 τῷ
1020 1869 1099 1952 περὶ
1121 1869 1180 1954 τῆς
1197 1868 1411 1950 Νεστορίδος

244 1974 331 2058 apud
354 1974 471 2041 Athen.
487 1974 536 2040 XI
557 1996 589 2059 p.
606 1977 691 2058 4910,
714 1973 797 2036 Pliu.
814 1973 853 2037 N.
870 1972 910 2037 H.
926 1971 1035 2037 XVIII
1049 1973 1121 2051 212,
1145 1968 1228 2036 Plut.
1252 1968 1293 2036 de
1308 1972 1410 2054 Pyth.

244 2095 328 2141 orae.
352 2097 382 2158 p.
406 2080 468 2138 402
484 2095 543 2158 sq,
565 2075 662 2140 solsol.
685 2077 779 2138 Aret.
794 2077 856 2138 254
879 2073 988 2156 (quem
1010 2071 1182 2154 exscripsit
1204 2073 1340 2137 Taetzes
1364 2071 1410 2138 ad

245 2175 321 2241 Hes.
345 2174 405 2260 Op.
423 2179 484 2240 382
508 2181 541 2242 et
562 2175 644 2241 Ohil.
660 2177 723 2240 XII
743 2175 827 2259 169).
866 2174 959 2254 Quod
981 2195 1053 2241 cum
1076 2166 1302 2258 ἀστρονομίαν
1318 2174 1412 2240 dicat
1479 2209 1480 2258 1

244 2276 468 2360 Asclepiades,
492 2268 713 2362 ἀστρολογίαν
728 2278 809 2344 Plin.
826 2282 858 2343 el
874 2278 967 2360 Plut,
993 2273 1148 2363 ἀστρικὴν
1170 2275 1289 2358 βίβλον
1304 2277 1410 2342 schol.

242 2379 343 2460 Arat,
367 2397 523 2482 qpaenam
545 2380 642 2445 fuerit
663 2378 844 2464 inscriptio,
867 2380 1061 2463 ignoramus.
1107 2379 1255 2446 Ceterum
1277 2379 1336 2443 vix
1358 2386 1412 2444 est

248 2480 334 2562 quod
356 2487 702 2564 moneam-apparet
725 2482 808 2547 enirn
831 2501 872 2547 ex
887 2480 1051 2564 utriusque
1073 2479 1137 2546 loci
1152 2501 1290 2545 nexu-
1303 2487 1409 2546 astro-

246 2582 352 2662 logiae
381 2583 573 2649 vocabulum
603 2602 644 2646 ue
672 2583 759 2666 apud
783 2582 921 2651 Plinium
952 2580 1082 2666 quidem
1112 2591 1166 2647 aut
1189 2581 1410 2663 Plutarchum,

247 2703 320 2749 eum
333 2684 459 2769 pridem
474 2703 559 2749 nova
573 2684 631 2747 illa
646 2703 698 2748 ars
713 2704 798 2750 vana
820 2681 1000 2766 invasisset,
1023 2682 1184 2768 propriam
1199 2703 1290 2750 suam
1306 2688 1410 2765 atque

247 2784 412 2866 antiquam
434 2784 615 2852 deseruisse
638 2784 719 2867 vim,
753 2803 816 2866 qua
837 2782 917 2850 nihil
948 2781 1090 2852 differret
1118 2786 1160 2849 ab
1189 2786 1410 2852 astronomiae
1478 2819 1479 2878 p

247 2902 351 2951 sensu.

323 2985 422 3056 Falso
434 3008 505 3056 esse
517 2987 660 3054 Hesiodo
676 3008 803 3054 carmen
819 2988 992 3071 ascriptum
1008 2988 1248 3072 antiquissimus
1262 2989 1408 3055 omnium

243 3087 400 3156 iudicavit
423 3092 513 3157 testis
527 3089 738 3175 Asclepiades
753 3088 861 3156 verbis
883 3083 900 3152 ὁ
924 3085 983 3176 τὴν
999 3087 1048 3165 εἰς
1060 3084 1219 3155 Ἡσίοδον
1235 3081 1409 3178 ἀναφερο-

243 3193 345 3276 μένην
368 3188 516 3276 ποιήσας
536 3184 796 3277 Ἀστρονομίαν;
827 3191 940 3256 eadem
963 3189 1090 3256 videtur
1114 3211 1185 3258 esso
1208 3191 1306 3258 Plinii
1334 3211 1408 3259 sen-

246 3292 355 3373 tentia,
379 3311 451 3357 cum
474 3299 572 3376 poeta
593 3295 756 3359 nominato
779 3292 860 3358 haee
875 3291 989 3358 addat:
1010 3286 1118 3358 ‘buius
1135 3311 1262 3375 quoque
1277 3294 1409 3361 nomine

247 3396 355 3455 exstat
378 3389 580 3477 Astrologia.'
620 3393 791 3459 Plutarcho
814 3400 849 3459 ut
864 3394 905 3460 de
920 3394 1056 3459 Thalete
1072 3395 1213 3478 scrupuli
1227 3401 1409 3478 morentur,
1477 3393 1478 3400 '

249 3493 296 3558 ita
318 3490 358 3558 de
382 3493 524 3561 Hesiodo
546 3499 676 3561 auctore
698 3501 832 3560 oonstat.
878 3498 905 3560 A
929 3494 1103 3561 scholiasta
1125 3495 1264 3577 denique
1286 3499 1409 3564 Arateo
1477 3491 1478 3540 t

248 3591 291 3656 ad
307 3613 338 3658 v.
355 3597 415 3656 254
440 3602 552 3679 aperte
571 3590 726 3672 Ἡσίοδος
740 3596 891 3663 laudatur
905 3594 939 3662 ἐν
954 3599 995 3682 τῇ
1015 3589 1154 3683 ἀστρικῇ
1170 3591 1273 3663 αὐτοῦ
1288 3599 1408 3684 βίβλῳ,

246 3694 333 3761 idem
363 3695 504 3761 carmine
531 3716 593 3762 nou
615 3697 756 3764 indicato
779 3698 822 3764 ad
846 3701 965 3765 v.172.
1009 3698 1098 3765 Haeo
1120 3708 1265 3766 veterum
1288 3699 1330 3767 de
1352 3721 1410 3767 au·

250 3803 337 3862 olore
359 3794 487 3862 iudicia.

327 3898 417 3962 Inter
443 3896 573 3964 infimae
600 3899 716 3965 aetatis
743 3901 915 3986 scriptores
943 3901 1092 3968 carminis
1124 3902 1231 3986 prodit
1259 3905 1408 3972 notitiam

247 3993 403 4080 Georpz'ar
426 3997 652 4073 Homartolas,
682 4021 754 4067 eum
776 4003 809 4067 iu
833 4002 1006 4086 Chronico,
1035 4004 1120 4070 unde
1149 4011 1302 4090 excerpta
1329 4028 1407 4076 nou·
