2958 4734
228 315 291 374 292
660 313 827 369 Rcinholdus
845 313 934 390 Franz

231 494 279 556 cst
302 508 341 554 ea
363 487 492 554 fabulae
514 489 631 567 forma,
655 505 738 568 quae
760 504 819 551 nec
840 484 970 550 lunonis
992 487 1130 556 furorem
1153 511 1213 558 nee
1229 492 1385 562 Callistus

230 597 364 658 mortem
387 595 555 674 agnoscat,
584 586 643 654 sed
666 587 803 652 Dianam
825 585 922 652 faciat
944 585 1077 655 Callisto
1105 599 1214 677 erepta
1239 594 1385 662 humana

229 693 337 778 specie
352 691 547 776 punientem.
584 690 668 772 Ergo
685 707 767 770 quae
791 686 830 752 de
846 687 931 755 Ursa
952 689 1074 757 minore
1096 693 1216 761 tradita
1237 703 1287 762 est
1309 716 1383 764 nar-

230 793 417 876 ratiuncula,
441 812 513 858 oum
534 791 610 857 huic
631 791 751 875 optime
773 788 974 874 respondeat,
997 791 1121 877 integra
1136 794 1311 864 iudicanda
1333 805 1385 866 est
1474 869 1475 882 ,

231 903 264 962 et
278 894 319 961 ab
335 913 384 978 ea,
408 913 503 976 quam
519 892 665 978 Hyginus
681 890 819 958 seeundo
842 892 912 958 loco
934 891 975 958 de
990 893 1075 960 Ursa
1097 895 1217 964 maiore
1238 900 1385 985 protulit,
1474 885 1475 942 ἒ

230 995 369 1063 diversa.
414 995 579 1079 Sequitur,
608 999 643 1060 ut
665 993 811 1077 Hyginus
836 992 930 1060 istam
952 992 994 1060 de
1017 995 1100 1062 Ursa
1121 999 1242 1066 minore
1271 1020 1382 1066 narra

231 1098 404 1165 tiuuculam
423 1096 574 1163 omiserit.
612 1097 725 1178 Itaque
747 1094 935 1179 corrigenda
956 1103 1030 1162 sunt
1052 1114 1135 1179 qnae
1151 1099 1191 1166 de
1207 1119 1246 1167 eo
1261 1101 1385 1168 Robert

230 1221 262 1285 p.
279 1204 297 1262 2
312 1199 493 1285 praedicat:
513 1192 658 1265 ‘Praeter
672 1217 776 1281 pauca
790 1197 920 1264 minoris
936 1198 1075 1265 ambitus
1097 1201 1263 1268 enuntiata
1285 1224 1383 1270 unam
1475 1229 1476 1276 ς

231 1309 353 1368 tantum
382 1302 500 1368 omittit
530 1301 745 1382 historiolam,
776 1317 858 1383 quae
886 1298 927 1366 de
949 1299 1067 1367 Orione
1087 1302 1121 1367 in
1144 1302 1383 1371 Catasterismis

233 1403 282 1471 bis
305 1403 418 1471 eadem
442 1402 588 1486 quamvis
610 1400 746 1466 diversis
767 1400 875 1467 verbis
902 1395 1074 1469 narratur².
1119 1403 1220 1470 Simul
1248 1413 1384 1491 apparet

233 1505 274 1569 ob
298 1504 432 1572 eandem
462 1521 592 1570 causam
620 1508 717 1585 atque
744 1501 877 1568 alteram
899 1502 941 1567 de
964 1501 1081 1570 Orione
1104 1504 1256 1571 tabellam
1285 1508 1382 1573 istam

233 1625 360 1689 quoqne
382 1607 424 1671 ab
446 1604 575 1690 Hygino
598 1603 750 1671 omissam
772 1621 857 1669 esse:
887 1622 1002 1688 nempe
1023 1605 1125 1672 noluit
1154 1606 1202 1672 bis
1224 1606 1311 1675 idem
1333 1629 1380 1676 re
1476 1595 1477 1634 ³

232 1709 332 1792 ferre;
353 1708 466 1775 eadem
482 1712 587 1773 autem
604 1725 684 1790 esse,
699 1724 795 1788 quam
811 1705 851 1770 de
867 1705 950 1772 Ursa
966 1706 1087 1773 minore
1101 1708 1135 1772 in
1145 1707 1386 1776 Catasterismis

232 1810 390 1895 prolatam
412 1808 534 1876 invenit
556 1826 717 1890 quamque
739 1807 780 1872 de
802 1808 885 1874 Ursa
911 1807 1032 1873 maiore
1059 1807 1129 1892 ipse
1156 1809 1220 1874 iam
1251 1811 1382 1892 aliunde

232 1912 398 1995 attulerat,
428 1908 666 1976 narratiuncula
694 1915 760 1974 tam
789 1909 891 1991 potuit
912 1895 1015 1973 v'ideri
1038 1909 1165 1994 Hygino
1192 1931 1289 1994 quam
1311 1913 1384 1979 visa

233 2021 281 2080 est
302 2013 442 2081 Roherto
464 2016 594 2097 propter
616 2010 752 2077 eundem
775 2010 939 2092 utriusque
961 2010 1091 2076 exitum.
1477 2091 1478 2094 Ἴ

318 2117 407 2180 Duas
428 2114 524 2196 igitur
546 2111 843 2178 Catasterismorum
866 2112 1040 2178 narrationi
1065 2111 1212 2198 Hyginus
1234 2114 1383 2182 adiunxit

231 2216 359 2282 fabulae
377 2216 506 2298 formas,
529 2218 696 2295 utramque
719 2233 760 2279 ex
775 2211 992 2278 Callimachea
1014 2211 1194 2300 deductam,
1217 2236 1288 2282 cum
1311 2216 1384 2302 ipsa

233 2316 451 2384 CaHimachea
466 2314 561 2398 desit,
586 2334 668 2397 quae
684 2335 735 2380 res
750 2315 823 2382 ideo
838 2318 949 2381 notatu
965 2314 1062 2400 digna
1078 2322 1135 2400 est,
1158 2319 1244 2400 quod
1259 2320 1385 2387 Robert

231 2443 263 2505 p.
280 2423 339 2485 231
366 2440 437 2487 eum
460 2417 692 2485 Callimachum
714 2417 831 2499 legisse
854 2415 1041 2501 suspicatur.

739 2626 838 2698 ,Μ

316 2756 369 2821 Ad
391 2754 622 2821 Callimachum
637 2753 731 2821 nobis
752 2774 835 2820 nunc
858 2763 907 2821 est
926 2755 1162 2823 'revertendum
1198 2757 1283 2824 Nam
1307 2749 1382 2827 ora-

233 2858 353 2926 minata
367 2856 583 2923 narrationum
598 2856 754 2922 varietate
769 2866 949 2942 postquam,
972 2877 1055 2940 qnae
1070 2858 1260 2925 Callimachi
1276 2871 1385 2928 essent

231 2960 348 3044 ipsius,
372 2977 455 3041 quac
475 2978 539 3042 qua
561 2958 602 3024 de
624 2977 722 3024 causa
743 2958 785 3024 ab
807 2958 880 3025 aliis
901 2965 1013 3044 postea
1035 2967 1143 3027 essent
1163 2967 1298 3044 novata,
1328 2983 1382 3028 ex-

232 3063 438 3148 ploravimus,
460 3060 591 3128 tandem
606 3080 644 3128 eo
659 3060 874 3145 pervenimus,
897 3061 1018 3127 utiam
1040 3067 1108 3128 tuto
1131 3061 1228 3128 liceat
1248 3065 1384 3147 aggredi

232 3165 274 3231 ad
288 3164 507 3248 refingendam
520 3162 769 3229 Callimaoheam
784 3162 998 3229 narrationem
1012 3161 1116 3246 ipsam
1131 3182 1192 3230 neo
1206 3165 1384 3232 verendum

231 3267 287 3349 sit,
316 3285 357 3331 ne
383 3265 457 3332 huic
478 3283 658 3331 asseramus
682 3283 764 3346 qnae
785 3265 977 3349 posteriores
1002 3262 1194 3331 addiderint.
1237 3266 1333 3345 Quod
1356 3270 1386 3333 si

231 3366 331 3433 schol.
355 3366 447 3431 Hom.
464 3371 496 3433 et
513 3367 607 3432 Paus.
630 3365 839 3450 potissimum,
862 3373 897 3432 ut
918 3385 977 3450 par
999 3372 1058 3447 est,
1081 3366 1181 3432 secuti
1204 3368 1313 3433 omnia
1335 3389 1383 3436 re-

205 3477 208 3482 '
232 3467 427 3550 colligimus,
451 3465 682 3532 Callimachum
703 3467 784 3534 haec
805 3467 872 3532 fere
894 3467 1070 3551 reperimus
1091 3488 1252 3535 narrasse:

323 3568 516 3649 Callisto,
552 3569 757 3652 Lycaonis
789 3567 937 3651 silia⁸)‚
972 3589 1056 3636 cum
1091 3570 1225 3636 Diana
1259 3590 1384 3638 vena-

232 3673 365 3755 batur,
399 3668 535 3738 eodem
569 3687 644 3750 quo
678 3669 753 3735 illa
785 3676 931 3735 ornatu
959 3671 1128 3754 vestita,
1160 3670 1312 3754 illique
1341 3691 1388 3739 se

230 3780 354 3841 totam
388 3771 608 3839 addixerat
640 3771 777 3836 iurata
808 3790 850 3837 se
883 3790 1037 3857 semper
1065 3773 1105 3837 in
1133 3771 1387 3857 virginitate

232 3893 323 3942 esse
353 3871 623 3957 mansuraml).
667 3871 746 3939 Sed
774 3872 961 3958 luppiter
988 3871 1190 3959 (pulchra)
1218 3873 1390 3958 virgine

316 4062 342 4123 a)
360 4057 445 4113 schol.
464 4057 542 4112 Hom.
790 4056 817 4123 h)
834 4055 960 4126 Apollod.
