2958 4734
501 301 547 385 'De
565 300 690 355 Callistus
707 299 808 354 fabula.
1172 301 1232 360 257

77 471 140 562 τὴν
156 471 284 539 οἰκείαν
306 471 408 559 φύσιν
430 465 696 540 ἆττοκαταστᾶσα
718 474 774 539 καὶ
796 474 951 559 γενομένη
973 465 1157 557 ἅνθρωπος
1179 498 1235 539 κα-

79 579 249 660 θιέρωσεν
272 566 374 658 αὐτὴν
395 577 436 660 τῇ
453 567 637 660 Ἀρτέμιδι.
654 612 694 621 -
710 612 752 621 -
767 613 809 622 -
828 569 847 662 ἡ
875 577 1019 662 Τηϋγέτη
1041 577 1101 662 τῆς
1119 567 1236 661 Ἀρτέ-

78 677 180 761 μιδός
209 673 280 742 ἔστι
310 677 401 764 φίλη.
432 676 554 766 ταύτης
581 671 716 770 ἠράσθη
739 675 838 756 Ζεύς,
867 677 924 742 καλ
954 668 1056 764 αὐτὴν
1077 670 1237 760 ’Ἀρτεμις

80 779 287 866 διωκομένην
316 777 364 856 εἰς
387 777 513 865 ἔλαφον
535 778 748 864 μεταβάλλει.
794 777 877 846 ὅθεν
904 780 960 845 καὶ
984 776 1032 854 εἰς
1053 773 1237 867 ὖντόμνημα

79 885 141 949 τοῦ
164 885 377 968 πραχθέντος
406 879 465 968 τὴν
494 880 619 969 ἔλαφον
646 879 848 967 χροσολσασα
878 872 1021 969 ἀνέθηκε
1042 885 1236 970 γαμηθεῖσα

79 985 154 1051 Διΐ.
188 985 279 1065 Quae
301 985 425 1051 ratione
439 1005 550 1069 parum
567 983 755 1066 cohaereut;
777 985 884 1068 inepte
902 984 987 1051 enim
1002 983 1131 1068 fingitur
1154 1005 1237 1068 quae

80 1109 123 1154 ex
139 1087 219 1153 Iove
234 1085 487 1154 Lacedaemonis
509 1090 610 1153 mater
636 1086 721 1152 facta
744 1091 792 1152 est
814 1107 835 1151 a
858 1085 963 1151 Diana
985 1086 1059 1152 ideo
1082 1106 1237 1152 conversa

80 1208 171 1272 esso,
199 1195 233 1254 ut
254 1187 365 1255 Iovem
388 1188 551 1271 effugeret.
594 1189 706 1272 Itaque
736 1209 777 1254 ex
799 1186 924 1255 duabus
947 1207 1043 1255 unam
1066 1187 1236 1254 conflatam

81 1311 155 1360 esse
179 1310 293 1357 censeo
309 1290 554 1372 narrationibus,
578 1311 713 1372 quarum
735 1292 837 1357 altera
859 1290 1020 1357 ferebatur
1035 1291 1183 1374 Taygete
1204 1291 1237 1356 in

81 1414 213 1460 cervam
236 1413 392 1460 conversa
414 1412 485 1460 esso
508 1413 528 1459 a
549 1393 657 1459 Diana
678 1399 808 1478 propter
835 1393 986 1460 amissam
1009 1392 1237 1478 virginitatem,

80 1497 187 1563 altera
209 1516 337 1562 cervam
351 1496 477 1562 Dianae
501 1515 712 1562 consecrasse.
747 1495 840 1560 Illam
856 1496 1024 1562 manifesto
1040 1484 1173 1562 secutus¹
1190 1500 1239 1560 est

82 1596 255 1683 Euripides
270 1633 312 1643 —
334 1598 498 1682 paulisper
520 1598 602 1664 euim
625 1597 792 1682 Taygeten
814 1599 915 1664 loram
938 1599 1093 1664 mansisse
1116 1603 1180 1688 aut,
1204 1608 1239 1662 ut

81 1701 126 1765 ab
141 1699 230 1766 Iovis
252 1699 377 1767 insidiis
401 1699 633 1782 defenderetur,
654 1703 810 1764 mutatam
833 1718 904 1765 csso
920 1700 1019 1766 verba
1040 1701 1128 1766 nullo
1143 1706 1237 1784 pacto

82 1802 248 1887 patiuntur
262 1801 407 1885 intellegi
420 1837 469 1884 -,
482 1800 566 1867 hano
579 1800 745 1884 Pindarus,
763 1821 833 1866 cum
849 1801 1003 1867 scriberet
1018 1801 1067 1868 Ol.
1079 1803 1126 1867 lll
1139 1806 1179 1866 29
1191 1821 1237 1884 sq.

81 1903 172 1985 ng:
184 1901 447 1989 χρυσόκερων
459 1900 585 1990 ἔλαφον
598 1899 841 1988 θήλειαν-ὅν
853 1927 937 1968 ντοτε
955 1907 1103 1988 Ταϋγέτα
1122 1903 1127 1985 Ι
1148 1895 1238 1968 ἄντι-

81 1997 179 2071 θεῑσ’
201 1997 377 2092 Ὀρθωσίᾳ
399 2003 544 2090 ἔγραψεν
561 2002 653 2090 ἱεράν
667 2003 700 2088 ¹).
738 2005 833 2072 Patet
846 2005 943 2090 igitur
957 2006 998 2071 ab
1014 2006 1138 2090 Helena
1152 2006 1237 2090 Tay-

81 2113 181 2192 geton
201 2128 266 2173 non
287 2108 329 2173 ob
351 2106 450 2173 aliam
473 2126 604 2174 causam
633 2107 697 2174 dici
718 2108 844 2174 felicem
872 2107 935 2176 nisi
958 2109 999 2174 ob
1022 2108 1123 2191 hanc,
1153 2105 1239 2190 quod

80 2213 152 2278 fera
174 2211 262 2276 facta
283 2208 334 2276 sit.
378 2207 472 2287 Quod
500 2214 607 2276 autem
631 2209 672 2277 de
693 2210 772 2294 hac,
800 2209 887 2277 idem
915 2211 1003 2276 valet
1032 2209 1073 2275 de
1096 2209 1238 2275 Callisto.

85 2312 301 2382 Confirmatur
321 2312 418 2394 igitur
440 2330 536 2392 quam
565 2331 662 2395 supra
684 2312 776 2396 posui
798 2313 1026 2396 interpretatio.
1072 2313 1139 2376 Iam
1163 2332 1238 2377 vero

83 2415 179 2497 inde,
215 2412 302 2495 quod
330 2413 482 2480 Callistus
512 2433 583 2479 cum
612 2415 779 2498 Taygetae
810 2415 936 2480 fortuna
965 2413 1143 2496 composita
1181 2419 1238 2496 est,

84 2517 204 2600 colligo
226 2515 414 2600 Euripidi
435 2515 554 2580 illum
577 2515 744 2582 fabulae
766 2516 932 2597 exitum,
962 2533 1039 2595 quo
1061 2513 1237 2581 Callisto

83 2621 128 2686 in
151 2618 277 2685 astris
297 2625 532 2702 poneretur,
555 2618 727 2684 nondum
750 2619 877 2685 fuisse
899 2625 1043 2685 notum.
1087 2616 1189 2695 Quem
1211 2617 1239 2683 si

84 2728 225 2808 spectas,
239 2720 389 2786 Callistus
405 2721 572 2803 Taygetus
586 2721 663 2787 sorti
679 2741 742 2787 non
757 2719 822 2787 iam
836 2721 1018 2805 respondet.
1045 2722 1083 2786 In
1099 2727 1239 2786 mentem

84 2830 197 2891 autem
212 2823 287 2906 quin
309 2822 429 2906 legenti
450 2822 635 2889 audientivc
658 2823 735 2907 eius,
759 2823 787 2888 si
808 2830 901 2890 notus
925 2830 1003 2909 erat,
1025 2823 1149 2891 veniret
1170 2821 1241 2889 fieri

85 2948 150 2995 non
166 2926 307 3011 potuisse
322 2925 375 2992 vel
397 2923 473 2990 indo
488 2924 698 3008 cognoscitur,
722 2924 808 3008 quod
831 2945 941 2991 omnes
963 2926 1029 2993 fere
1051 2926 1240 3008 interpretes

85 3031 127 3097 de
145 3030 248 3097 Ursae
263 3027 353 3111 signo
370 3026 600 3109 cogitaverunt.
636 3027 696 3094 llle
712 3027 795 3094 enim
812 3034 877 3093 tam
893 3028 997 3094 laetus
1013 3048 1119 3094 rerum
1135 3027 1240 3094 exitus

85 3131 202 3210 efficit,
232 3135 268 3195 ut
289 3128 421 3196 Callisto
444 3129 540 3196 beata
565 3128 712 3197 videatur
734 3135 863 3216 propter
891 3129 997 3212 illum,
1026 3149 1090 3195 non
1112 3135 1242 3213 propter

84 3236 210 3300 formae
231 3231 393 3299 iacturam.
428 3230 508 3297 Cum
530 3237 637 3297 autem
657 3231 719 3298 hoc
740 3231 820 3298 velit
842 3230 1012 3315 designare
1034 3237 1129 3315 poeta
1150 3231 1241 3298 illum

85 3335 199 3417 nequit
220 3333 358 3400 novisse.
402 3334 516 3414 Neque
544 3333 608 3400 alio
631 3333 718 3398 ducit
739 3333 888 3399 universa
915 3334 997 3400 ratio
1020 3354 1129 3400 earum
1151 3335 1240 3400 fabu-

85 3440 190 3504 larum
212 3435 369 3520 omninm,
398 3455 482 3518 quae
504 3435 547 3503 ad
569 3435 676 3502 sidera
698 3436 865 3520 pertinent.
910 3435 1043 3503 Constat
1065 3437 1149 3504 enim
1173 3440 1240 3522 ple-

85 3557 206 3622 rasque
234 3537 455 3606 Alexandrina
486 3538 614 3605 demum
643 3542 749 3606 aetate
781 3537 825 3603 ad
854 3540 978 3606 caelum
1011 3540 1130 3605 relatas
1159 3559 1240 3605 esse.

119 3661 291 3669 ....-..-——.-

175 3708 200 3772 l)
216 3705 299 3760 Vides
317 3707 524 3762 scholiastarum
540 3706 708 3762 narrationes
731 3706 770 3760 ita
788 3711 861 3761 ortes
879 3722 953 3771 csso,
975 3712 1007 3760 ut
1023 3706 1117 3760 fabula
1133 3706 1242 3774 vulgata

87 3809 151 3847 cum
169 3791 207 3845 eis
225 3806 295 3859 quae
313 3791 447 3846 Pindarus
465 3792 613 3848 indicasset
630 3792 829 3847 conciliaretur.
860 3791 930 3845 Nam
949 3793 1074 3861 Taygete,
1094 3790 1116 3842 si
1136 3805 1243 3844 cervam

85 3878 194 3932 Dianae
211 3879 425 3940 consecraverat,
443 3875 503 3929 tera
519 3892 570 3931 uec
587 3879 773 3946 permanserat
784 3890 834 3929 nec
846 3875 952 3930 Dianae
968 3875 1042 3930 lacta
1054 3881 1112 3929 erat
1128 3875 1177 3944 ira,
1196 3876 1243 3930 sed

86 3961 229 4028 beneflcio,
248 3962 318 4016 sicut
334 3963 448 4015 narrant
465 3960 549 4017 schol.
569 3961 677 4016 Partem
694 3961 751 4015 veri
766 3960 956 4016 animadvertit
971 3961 1075 4016 Robert
1092 3961 1121 4014 in
1132 3960 1244 4018 Prclleri

86 4047 175 4116 Myth.
189 4046 219 4102 1⁴
236 4063 263 4116 p.
275 4050 324 4100 306
343 4045 405 4100 adn.
416 4051 440 4100 3.
