2958 4734
212 259 275 320 272
652 253 819 312 Reinholdua
838 254 927 309 Franz

214 431 305 516 dem,
329 429 387 498 sed
409 449 473 497 non
495 433 618 496 tantam
642 433 793 510 quantam
816 425 1056 511 exspectaveris
1078 425 1211 494 forsitan
1234 428 1369 495 auctori·

215 540 314 601 tatem
337 531 471 618 paravit.
509 531 594 597 Nam
616 535 841 614 praeterquam
864 527 951 610 quod
966 526 1118 594 Callistus
1141 546 1239 609 quam
1255 530 1371 597 ascivit

214 633 406 720 genealogia
433 635 547 716 postea
575 631 672 714 vulgo
694 637 825 715 recepta
855 637 916 696 est:
947 628 1033 711 quod
1063 628 1106 696 ad
1128 629 1232 714 ipsam
1255 632 1370 698 attinet

214 736 367 818 fabulam,
390 754 432 800 ex
447 731 590 800 Hesiodo
613 733 753 817 pendere
775 734 879 799 solum
897 731 1037 798 uidimus
1052 730 1248 814 Amptidem,
1273 733 1369 799 abeo
1472 817 1473 826 η

214 844 300 904 certe
321 855 384 902 non
407 834 576 900 dissentire
595 833 824 918 Ροὶηρκοτκνις
845 833 966 901 addere
989 852 1072 899 nunc
1092 833 1169 899 licet
1190 833 1369 918 Palaepha-

214 949 289 1011 tom,
312 955 408 1019 quem
429 935 463 1002 in
486 935 598 1002 fabula
611 936 851 1022 interpretanda
873 936 915 1002 ab
935 935 991 1018 eis,
1014 951 1099 1015 quae
1113 933 1274 1002 Hesiodus
1298 956 1369 1003 nar·

214 1043 333 1120 resset,
366 1038 541 1122 profectum
570 1057 642 1106 esse
669 1038 774 1105 libelli
801 1039 882 1120 περὶ
909 1029 1065 1102 ἄπιστον
1097 1035 1243 1120 inseripti
1277 1037 1371 1105 docet

215 1147 311 1225 caput
325 1140 386 1206 XV
402 1140 574 1226 (Mythogr.
591 1140 645 1206 Gr.
662 1140 881 1207 ed.Westerm.
898 1158 930 1222 p.
943 1137 1033 1221 282):
1053 1137 1121 1201 Kal
1145 1131 1163 1202 ὃ
1180 1140 1260 1224 περὶ
1277 1141 1370 1204 Kot-

215 1243 355 1319 λιστοῦς
367 1239 464 1327 λόχος
486 1245 647 1321 τοιοῦτος,
672 1236 718 1318 ὦς
740 1242 960 1328 κννηχετοῦσα
983 1233 1102 1325 ἄρκτος
1124 1236 1262 1322 ἐγένετο.
1306 1239 1368 1326 dyo)

216 1343 252 1409 δέ
285 1368 373 1431 φημι
400 1345 456 1408 καὶ
486 1342 608 1430 ταύτην
637 1341 685 1418 εἰς
714 1340 848 1423 ξύλοχόν
876 1365 944 1406 που
976 1338 1246 1426 καταντήσασαν,
1281 1334 1370 1408 ἄτιον

216 1443 386 1531 ἐτύγχανεν
409 1439 538 1530 ἄρκτος,
562 1441 772 1530 θηρεύουσαν
786 1445 1057 1529 καταβρωθηναι,
1081 1439 1159 1518 τούς
1182 1440 1218 1507 δὲ
1240 1467 1370 1530 κυνηγε-

215 1548 353 1622 τοῦντας
377 1543 510 1622 ἰδόντας
532 1544 753 1612 εἰσελθοῦσαν
775 1543 835 1628 μὲν
858 1541 916 1610 ἐπὶ
939 1543 998 1632 τὴν
1020 1547 1079 1632 τῆς
1102 1539 1222 1630 ἄρκτου
1244 1551 1367 1632 κοίτην,

214 1651 332 1735 μηκέτι
349 1640 380 1711 d'
407 1645 627 1734 ἐξερχομένην,
652 1643 760 1712 εἰπεῖν
776 1640 822 1722 ὦς
843 1640 863 1733 ἡ
886 1644 965 1734 κόρη
983 1639 1101 1731 ἄρκτος
1117 1644 1255 1731 ἐγένετο.
1286 1647 1368 1714 Nam

214 1751 248 1816 in
269 1756 388 1817 venatu
409 1753 532 1816 mutata
555 1747 687 1816 Callisto
709 1769 773 1815 non
794 1747 889 1814 iacile
918 1748 1022 1832 potuit
1043 1747 1106 1814 dici
1128 1747 1189 1813 nisi
1211 1748 1239 1812 si
1263 1749 1368 1815 Diana

214 1857 324 1920 auctor
345 1850 535 1935 fingebatur.
549 1885 592 1896 -
606 1851 650 1915 At
665 1849 705 1917 de
721 1849 879 1934 Aeschylo
901 1870 942 1918 ne
963 1849 1115 1916 hariolari
1131 1848 1262 1930 quidem
1283 1851 1366 1931 licet,

214 1953 379 2038 Europidie
407 1952 448 2020 de
477 1951 611 2019 Callisto
644 1953 745 2018 verba
774 1949 795 2016 ἄ
825 1952 944 2032 λεχέων
978 1943 1110 2035 ἄνιέβος
1141 1948 1368 2036 τετραβάμοσι
1472 2001 1473 2008 1

112 2117 113 2121 ,
214 2059 321 2140 γυίοις
344 2054 455 2120 dubito
477 2074 519 2120 an
540 2074 605 2121 non
626 2054 669 2120 ad
691 2052 896 2136 Hesiodeam‚
918 2052 977 2121 sed
999 2051 1042 2120 ad
1064 2052 1163 2120 aliam
1185 2053 1367 2121 revocanda

215 2155 278 2221 sint
299 2155 430 2222 fabulae
452 2153 598 2238 formam,
621 2174 717 2236 quam
739 2153 822 2219 infra
844 2173 874 2237 p.
892 2157 953 2218 295
976 2151 1135 2221 indicabo.

772 2375 813 2441 II.

756 2513 775 2585 ξ
801 2514 826 2576 1.

301 2628 393 2694 Nunc
414 2633 540 2711 tempus
563 2633 612 2692 est
634 2625 768 2692 transire
791 2624 833 2690 ad
862 2625 1093 2706 exquirendam
1121 2625 1255 2690 alteram
1285 2646 1369 2710 quae

215 2735 290 2795 ante
305 2733 446 2794 aetatem
461 2724 711 2793 Alexandrinam
727 2725 896 2792 manifesta
919 2734 1053 2812 apparet
1067 2728 1195 2795 fabulae
1208 2727 1367 2812 formum,
1472 2743 1473 2776 1

215 2830 303 2897 cuius
331 2833 440 2895 tamen
468 2827 622 2895 memoria
649 2834 796 2909 quartum
824 2828 987 2894 saeculum
1008 2850 1071 2896 non
1094 2835 1239 2914 superat,
1268 2850 1367 2916 quan-

215 2951 311 3014 quam
333 2928 453 2998 indicia
474 2934 564 3012 sunt,
593 2928 734 2996 undeet
762 2928 845 2995 hanc
870 2930 1094 3015 perantiquam
1121 2950 1192 2998 esse
1222 2933 1366 3016 colligas.

214 3036 264 3100 Ex
287 3034 412 3101 duobus
435 3031 641 3116 testimoniis,
670 3049 752 3114 quae
775 3051 833 3115 per
854 3031 1026 3116 scriptores
1054 3032 1124 3098 sola
1145 3031 1188 3098 ad
1216 3054 1275 3101 nos
1296 3054 1367 3119 per-

213 3142 377 3217 venerunt
403 3133 535 3199 Certum.
554 3132 647 3197 Hom.
664 3143 696 3196 ct
711 3131 787 3196 Hes.
802 3152 850 3200 us.
871 3139 926 3197 111
940 3151 988 3215 sq.
1004 3132 1088 3217 (liz.)

299 3258 372 3318 ΗΣ.
397 3244 502 3338 αὐτὰρ
525 3249 602 3319 ἐπεὶ
625 3250 738 3339 optor?
760 3249 868 3337 γάμῳ,
883 3244 1042 3337 Ἄρτεμις
1065 3251 1216 3337 ἰοχέαιρα
1238 3289 1280 3299 -

294 3355 375 3419 OM.
397 3351 576 3419 Καλλιστώ
599 3357 805 3441 κατέπεφνεν
829 3344 891 3417 ἄνι’
917 3345 1090 3438 ἄργνρέοιο
1111 3357 1213 3437 βιοῖο.

214 3479 246 3539 et
269 3471 670 3558 Apolloo.Bibt.1118,a‚
687 3477 707 3536 4
737 3470 804 3538 εἰσὶ
833 3470 868 3536 δὲ
896 3471 929 3536 οἱ
951 3471 1116 3557 λέγοντες,
1146 3467 1192 3547 ὥς
1207 3466 1368 3558 ’Ἀρτεμις

215 3567 316 3661 αὐτὴν
344 3571 586 3653 κατετόξευσεν,
616 3567 671 3640 ὅτι
698 3571 758 3662 τὴν
787 3577 978 3657 παρθενίαν
1005 3565 1063 3638 ούκ
1085 3566 1252 3660 ἐφύλαξεν
1274 3574 1367 3643 intel·

214 3678 330 3762 legitur
352 3678 436 3743 hanc
449 3675 584 3742 formam
607 3677 747 3760 apriore
769 3694 807 3742 eo
829 3679 952 3741 tantum
967 3674 1106 3760 differre,
1129 3675 1215 3757 quod
1231 3675 1366 3743 Callisto

214 3780 256 3846 ob
279 3779 430 3847 amissam
452 3777 669 3861 virginitatem
699 3777 847 3843 aDiama
874 3798 938 3845 non
964 3777 1158 3844 convertitur
1186 3778 1219 3843 in
1247 3798 1365 3864 ursam,

214 3880 272 3946 sed
300 3879 497 3964 transfigitur
524 3879 650 3962 sagitta.
696 3880 783 3947 (lave
812 3877 897 3945 enim
925 3877 1017 3963 inde,
1046 3878 1132 3962 quod
1159 3879 1193 3944 in
1214 3880 1364 3964 Apollod.

212 3982 296 4049 Bibl.
319 3982 412 4048 huius
439 3982 561 4049 formae
590 3981 709 4048 mentio
737 3978 912 4047 narrationi
934 3999 1043 4047 eorum
1071 3980 1192 4048 inserta
1214 3987 1279 4062 est,
1311 3981 1367 4063 qui
