2958 4734
523 293 565 349 De
582 291 711 350 Callistus
728 293 830 352 tabula.
1190 297 1252 357 269

99 486 170 534 cum
191 467 225 532 in
245 472 337 551 parte
358 466 479 550 priore,
503 466 631 547 qualem
653 466 780 534 Ahrens
802 466 1013 552 probabiliter
1035 469 1187 553 restitnit,
1212 470 1252 538 de

98 568 249 636 Callistus
277 587 382 634 sermo
404 568 446 632 sit
467 568 599 635 tumulo.
644 567 712 635 Iam
743 589 816 636 cum
843 570 894 636 vis
923 568 1109 638 adhibenda
1130 571 1189 655 sit,
1218 579 1253 638 ut

98 692 139 738 cx
167 670 292 738 duabus
325 668 469 750 reliquiis
501 688 597 736 unum
630 668 767 753 prodeat
799 670 958 738 scholium
989 679 1118 757 aptum,
1150 673 1253 740 altera

98 776 205 838 autem
227 790 303 855 pars
326 769 517 837 dubitationi
537 791 595 855 per
616 791 652 838 se
674 792 737 839 non
759 771 801 838 sit
823 772 964 841 obnoxia
986 773 1171 855 nominique
1194 793 1248 840 ex-

96 871 247 957 plicando
277 871 461 954 conveniat,
489 872 541 939 cui
569 873 699 958 appiota
727 879 791 958 est,
818 877 854 939 at
874 875 961 959 prior
982 894 1073 960 pars,
1104 893 1188 957 quae
1210 877 1252 944 ab

97 974 217 1059 optimo
234 974 316 1041 libro
330 972 432 1055 abest7
454 974 565 1040 referri
579 975 681 1058 possit
701 975 745 1041 ad
766 975 876 1057 rerba,
900 993 982 1057 quae
997 995 1098 1060 prope
1112 981 1252 1064 exstant,

93 1070 219 1152 Ἑλένας
248 1074 284 1140 δὲ
313 1066 387 1140 λίπ’
420 1066 516 1161 ἠρίον
545 1073 675 1158 (quibus
705 1076 856 1143 callistus
889 1078 1047 1144 tumulum
1079 1077 1252 1162 significari

95 1179 287 1262 interpretes
309 1177 456 1260 plerique
481 1165 591 1245 omnes
618 1176 825 1258 statuerunt):
855 1178 1010 1246 concedes
1033 1199 1084 1244 me
1106 1179 1175 1248 iure
1197 1200 1250 1247 su·

96 1280 253 1365 spicatum
281 1297 353 1345 esse
381 1276 516 1345 inscium
545 1278 710 1346 librarium
743 1284 873 1364 propter
901 1298 1103 1347 communem
1131 1281 1252 1365 Lycaei

96 1381 312 1465 Callistusque
341 1378 550 1461 mentionem,
583 1377 747 1446 inductum
779 1381 915 1447 fortasse
943 1381 1073 1465 insuper
1104 1376 1253 1470 corrupta

96 1483 234 1551 lectione
256 1482 415 1568 ταφῆναι,
443 1478 525 1549 illud
546 1480 862 1567 interpretamentum
883 1482 947 1550 huc
969 1484 1158 1550 translatum
1181 1504 1253 1550 cum

96 1584 157 1652 boc
181 1582 319 1667 scholio,
343 1582 429 1667 quod
450 1581 541 1650 initio
571 1601 680 1650 carere
702 1581 880 1667 videretur,
911 1583 1083 1652 consuisse.
1128 1587 1253 1673 Itaque,

98 1690 250 1768 quantum
273 1683 355 1752 ratio
378 1685 466 1752 valet
488 1684 521 1751 in
548 1683 695 1768 scholiis,
724 1690 860 1769 apparet
884 1684 1139 1754 retinendam
1161 1708 1250 1758 esse

97 1786 362 1854 Ambrosiani
383 1786 615 1853 memoriam
637 1785 803 1868 solamque
824 1786 917 1853 nobis
939 1787 1181 1872 respiciendam.

183 1888 236 1955 Ad
259 1889 341 1954 banc
356 1895 463 1955 autem
477 1887 607 1954 fabulae
622 1886 768 1970 formam,
791 1906 887 1969 quam
902 1887 1035 1957 Hesiodi
1051 1909 1122 1958 esse
1138 1909 1253 1974 cogno·

97 1990 212 2072 vimus,
235 1988 390 2057 scholium
411 1985 486 2056 ideo
500 1987 716 2055 revocandum
732 1991 790 2070 est,
813 1987 899 2070 quod
921 1989 996 2057 huic
1017 1991 1077 2057 soli
1093 1993 1252 2060 convenit.

98 2091 182 2159 Nam
210 2088 373 2175 diversae,
408 2109 490 2172 quae
518 2094 633 2174 postea
660 2088 755 2156 nobis
783 2087 963 2174 occurrent,
991 2093 1113 2159 formae
1142 2112 1253 2160 omnes

98 2193 220 2259 exitum
234 2191 356 2258 habent
370 2191 467 2278 plane
481 2191 589 2274 alium,
613 2211 685 2258 oum
701 2190 834 2259 Callisto
849 2198 905 2259 aut
919 2192 1118 2260 interfectam
1133 2194 1254 2261 faciant

97 2299 153 2362 aut
175 2314 198 2359 a
219 2299 304 2360 terra
332 2293 417 2359 inter
437 2297 524 2358 astra
552 2292 728 2376 abreptam.
774 2291 903 2359 Scholio
931 2293 1029 2377 igitur
1055 2294 1253 2363 addiscimus

98 2392 1254 2478 Callisto,Lycaonisfiliam,ursamlactaminLycaeum

96 2496 301 2569 montem¹)
327 2492 569 2576 pervenisse
589 2492 730 2573 ibique
751 2512 872 2560 curae
892 2493 1023 2561 fuisse
1044 2495 1252 2564 Mercurio.

98 2597 190 2676 uuae
213 2592 373 2677 quomodo
395 2593 477 2660 inter
498 2612 534 2660 se
556 2593 759 2675 cohaereant,
781 2593 876 2662 facile
897 2593 1006 2663 vides:
1028 2596 1145 2663 etenim
1169 2615 1253 2679 qnae

99 2698 138 2767 dc
154 2700 305 2783 Lycaone
326 2695 468 2762 feruntur
482 2694 613 2762 tabulae
635 2713 745 2762 omnes
767 2694 879 2762 sedem
894 2695 1013 2764 habent
1034 2704 1091 2764 aut
1105 2699 1253 2783 proxime

99 2799 140 2866 ad
161 2799 254 2867 illum
277 2804 419 2863 montem
441 2797 551 2863 autin
574 2817 622 2882 eo,
644 2801 681 2862 ut
700 2801 827 2881 pateat,
849 2817 904 2865 cur
926 2798 994 2864 cius
1017 2796 1085 2864 filia
1106 2798 1140 2865 in
1161 2800 1253 2868 illum

98 2900 236 2985 fingatur
257 2899 393 2967 venisse.
437 2897 585 2966 Mercurii
606 2903 714 2966 autem
736 2901 844 2982 partes
869 2898 1011 2965 animum
1034 2898 1077 2964 ad
1099 2920 1138 2968 ea
1159 2921 1252 2968 revo-

100 3011 181 3090 cant,
205 3023 287 3086 quae
311 3000 605 3084 circumactionis,
636 3020 677 3067 ex
700 3019 764 3082 qua
787 2999 920 3067 Callisto
943 3019 963 3064 a
984 3001 1106 3066 Iunone
1129 3005 1252 3067 mumta

101 3113 130 3172 et
144 3127 165 3174 a
181 3107 288 3172 Diana
310 3103 416 3171 occisa
438 3107 496 3186 est,
517 3101 695 3168 Pausanias
712 3105 745 3167 et
759 3099 942 3166 simillimae
964 3099 1024 3165 sub
1042 3097 1105 3168 fine
1120 3101 1252 3185 Apollo-

100 3204 196 3276 dorus
211 3211 399 3292 personatus
415 3202 584 3271 exhibent:
605 3202 661 3268 ille
676 3202 752 3269 VllI
768 3206 797 3284 3,
814 3205 833 3266 6
855 3196 873 3265 ὃ
890 3197 974 3276 Ζεὺς
985 3193 1102 3288 Ἑρμῆν
1121 3205 1252 3286 πέμπει

101 3311 208 3374 σῶσαι
235 3305 295 3372 τὸν
323 3303 431 3374 παῖδά
462 3303 496 3372 ot
524 3295 733 3388 προστάξας,
767 3299 806 3367 ὃν
834 3298 869 3366 ἐν
900 3303 942 3388 τῇ
969 3303 1087 3385 γαστρὶ
1118 3299 1203 3386 εἶχεν
1231 3300 1251 3394 ἡ

101 3405 290 3488 Καλλιστώ,
312 3408 366 3475 hic
385 3408 558 3490 1118‚2‚5
583 3397 793 3490 ἀπολομένης
816 3403 852 3468 δέ
873 3402 1083 3480 Καλλιστοῦς
1104 3402 1190 3482 Ζεὺς
1211 3404 1250 3472 τὸ

101 3514 224 3598 βρέφος
246 3504 404 3594 ἁρπάσας
427 3506 461 3572 ἒν
478 3499 642 3593 Ἀρκαδίᾳ
664 3504 803 3572 δίδωσιν
826 3497 1025 3591 ἀνατρέφειν
1040 3508 1155 3593 Μαίᾳ.
1195 3505 1251 3574 Se

102 3631 169 3679 cum
192 3613 274 3680 hacc
295 3610 425 3678 minime
448 3608 641 3693 discrepant,
662 3606 722 3676 sed
743 3608 892 3692 supplent
913 3624 986 3673 sese
1007 3605 1157 3690 invicem,
1180 3627 1251 3676 oum

186 3785 211 3848 1)
227 3779 260 3834 In
277 3761 385 3848 Lycaeo
403 3790 494 3833 msam
512 3779 651 3845 vagantem
674 3773 740 3830 tecit
759 3767 810 3842 ¹qui
826 3771 940 3829 Hesiodi
962 3771 1144 3828 narrationem
1168 3774 1251 3829 multo
1300 3821 1303 3830 .

103 3867 164 3930 post
181 3865 269 3921 alieno
286 3878 370 3920 sensu
387 3860 553 3918 continuarit
568 3859 655 3927 (Erat,
673 3858 701 3912 in
720 3858 848 3913 catastl
865 3875 892 3927 p.
907 3860 940 3910 52
958 3855 1039 3921 Rob,
1058 3855 1092 3910 de
1109 3871 1163 3924 quo
1180 3857 1253 3914 infra

104 3945 243 4006 dcundum
262 3949 331 4013 erit).
357 3948 416 4015 Qua
434 3959 463 4001 re
475 3944 581 4013 egregie
592 3942 806 4011 confirmaretur,
824 3941 849 3998 si
865 3957 934 4011 opus
953 3945 1024 3997 essct
1039 3939 1250 4008 confirmatione,

104 4035 171 4102 qnod
191 4035 324 4093 scholium
340 4033 394 4088 huo
411 4029 601 4088 revocavimus.
