2988 4728
222 359 285 418 304
656 351 824 410 Reinholdus
842 353 931 408 Erana

223 539 348 599 etcum
371 547 411 594 ea
432 527 479 594 ita
500 532 576 610 apte
599 525 764 608 cohaeret,
793 532 829 591 ut
850 523 936 590 demi
962 531 1118 605 nequeat,
1147 523 1224 607 quin
1250 523 1386 608 integra

172 637 177 648 '
222 651 297 717 pars
320 628 446 697 detrahi
466 627 616 693 videatur
637 629 744 709 (quam
760 627 908 692 virtutem
924 644 1023 709 saepe
1038 624 1203 692 desideres
1217 625 1250 690 in
1266 645 1385 692 eorum

224 731 469 811 narrationibus,
492 728 546 812 qui
567 729 704 795 fabulari
726 728 859 794 historia
880 727 923 794 ad
945 727 1037 811 signa
1066 726 1261 812 explicanda
1282 727 1385 793 abusi

222 833 317 916 sunt).
362 830 507 897 Postulat
528 830 613 895 enim
635 829 715 896 ratio
737 831 880 914 poetica,
907 834 942 893 ut
969 847 1053 911 quae
1075 829 1142 895 sine
1165 848 1224 894 sua
1246 830 1344 912 culpa
1359 834 1384 909 ¹)

223 955 288 1001 non
303 933 404 998 solum
420 931 570 1015 speciem,
585 951 695 998 verum
711 932 809 998 etiam
820 931 919 997 vitam
931 929 1106 1014 perdiderit
1121 936 1246 997 mortua
1261 932 1384 998 saltem

226 1034 388 1120 quandam
410 1033 543 1100 iniuriae
566 1034 855 1118 compensationem
877 1031 1022 1118 accipiat.
1067 1033 1125 1098 Est
1153 1032 1251 1116 igitur
1272 1032 1323 1099 las
1347 1039 1385 1099 et

226 1155 364 1218 aequum
383 1155 466 1220 eum,
489 1136 544 1218 qui
566 1135 686 1202 invitae
701 1137 856 1221 pudorem
878 1134 1029 1220 eripuerit
1051 1140 1083 1202 et
1107 1133 1224 1201 insonti
1246 1133 1383 1200 lunonis

224 1237 304 1304 iram
332 1237 537 1319 excitaverit,
564 1237 658 1303 mala-
680 1236 818 1318 denique
846 1235 1083 1320 quodammodo
1111 1236 1230 1302 sarcire
1258 1233 1383 1302 donato

223 1339 344 1406 honore
358 1338 531 1404 immortali
541 1338 577 1417 ²).
614 1337 646 1402 N
647 1358 709 1403 ova
723 1338 819 1422 igitur
833 1339 964 1404 fabulae
982 1339 1155 1404 sententia:
1175 1331 1247 1422 ‘per
1261 1357 1384 1422 aspera

224 1441 267 1506 ad
290 1434 389 1506 astra'
416 1439 468 1517 (cf.
490 1439 584 1521 Prop.
607 1438 712 1521 1128,
740 1444 856 1523 15sqq.
881 1439 1018 1522 Baehr.).

305 1540 398 1614 ¹Haec
427 1559 498 1605 cum
526 1537 633 1621 finxit,
669 1544 766 1622 poeta
796 1539 925 1606 minime
955 1541 1035 1607 illud
1064 1532 1253 1624 ἀμάρτυρον
1283 1531 1382 1604 οὐδὲν

225 1634 325 1708 ἀείδω
347 1642 498 1726 neglexit.
536 1643 585 1708 De
607 1662 665 1708 suo
687 1640 772 1706 enim
794 1639 875 1707 nihil
897 1639 1023 1708 addidit
1044 1640 1105 1707 nisi
1127 1639 1212 1722 quod
1233 1659 1273 1706 ea
1295 1658 1382 1722 quae

226 1743 380 1810 memoria
394 1742 549 1810 fabularis
565 1749 596 1810 et
610 1749 724 1809 natura
739 1743 988 1828 suppeditabant
1002 1743 1124 1809 ratione
1140 1741 1280 1825 quadam
1295 1740 1383 1808 inter

226 1865 261 1912 se
277 1845 457 1912 coniunxit:
479 1864 617 1926 namque
632 1846 771 1926 fabulae,
795 1844 884 1911 ouius
900 1844 979 1911 duas
998 1847 1118 1910 lormas
1132 1845 1165 1910 in
1180 1864 1279 1910 unam
1294 1863 1381 1911 com·

225 1945 340 2030 posuit,
366 1951 398 2011 et
415 1947 497 2012 caeli
519 1966 626 2012 ursam
641 1945 779 2014 ostendit
801 1944 938 2012 eandem
960 1966 1040 2013 esse.
1077 1947 1190 2029 Neque
1212 1945 1309 2030 igitur
1323 1966 1380 2012 no-

226 2046 325 2126 vavit,
348 2045 407 2112 sed
428 2048 611 2130 explicavit.
648 2048 775 2113 Fabula
795 2053 942 2114 naturam
957 2068 1046 2114 suam
1065 2048 1195 2114 retinuit
1208 2066 1269 2113 nec
1284 2045 1382 2113 desiit

226 2147 472 2230 genealogorum
494 2167 621 2231 quoque
637 2148 804 2215 desideriis
819 2149 1013 2232 satisfacere,
1036 2169 1132 2232 quam
1147 2149 1296 2215 virtmem
1312 2154 1381 2215 tum

228 2248 357 2315 demum
378 2249 495 2332 amisit,
518 2270 590 2316 cum
611 2249 697 2317 tilius
719 2257 854 2316 matrem
876 2250 958 2316 inter
980 2257 1067 2317 astra
1088 2258 1215 2318 secutus
1239 2258 1297 2318 est.

313 2350 398 2417 Nam
413 2350 446 2417 in
469 2357 558 2418 tanta
573 2358 692 2435 quanta
707 2351 792 2437 apud
808 2350 1044 2419 Alexandrinos
1066 2351 1173 2419 sidera
1194 2352 1380 2437 explicandi

226 2473 279 2520 ars
304 2451 439 2521 florebat
459 2455 565 2538 gratia
592 2453 662 2522 fieri
683 2475 746 2520 non
769 2454 881 2538 potuit,
908 2453 985 2536 quin
1007 2452 1040 2517 in
1061 2473 1147 2520 nova
1168 2453 1319 2537 regione,
1347 2452 1381 2518 in

228 2573 324 2637 quam
347 2575 367 2620 a
389 2555 586 2620 Callimacho
609 2555 755 2622 traducta
777 2562 854 2638 erat,
882 2555 1033 2621 Callistus
1055 2554 1165 2622 fabula
1187 2576 1263 2622 mox
1284 2555 1381 2622 latius

227 2674 299 2722 sese
322 2655 509 2721 extenderet
532 2661 565 2721 et
584 2655 651 2721 alia
666 2673 793 2738 quoque
815 2656 909 2739 sigua
924 2657 1142 2741 occupareti).
1179 2657 1293 2741 Itaque
1316 2677 1380 2722 uon

227 2755 327 2822 multo
356 2761 428 2839 post
458 2756 648 2821 exstiterunt
676 2763 708 2821 et
736 2755 791 2837 qni
816 2762 940 2841 patrem
963 2763 995 2824 et
1024 2758 1077 2840 qui
1104 2758 1205 2824 filium
1228 2758 1379 2825 Callistus

226 2876 291 2924 non
319 2857 430 2939 procul
459 2857 500 2922 ab
530 2877 569 2923 ea
596 2857 629 2921 in
659 2858 747 2924 caelo
776 2863 981 2925 monstraret:
1012 2857 1094 2924 illud
1121 2860 1163 2924 ab
1191 2860 1379 2938 Ariaethor)

227 2961 382 3043 Tegeata,
406 2959 468 3025 hoc
489 2959 531 3025 ab
554 2959 766 3026 Eratosthene
788 2960 820 3026 in
844 2959 1080 3027 Gatasterismis
1102 2963 1222 3028 tactum
1244 2968 1301 3028 est.

227 3098 429 3108 „....-...—-.-

311 3161 475 3228 1)Hesiodus
485 3161 820 3230 talicompensationenon
827 3162 930 3229 egebat,
940 3161 1082 3230 quiaapud
1090 3161 1271 3217 eumtlallisto
1278 3161 1379 3217 crimen

225 3246 296 3298 inse
313 3244 428 3298 admisit.
459 3245 569 3300 Ceteras
584 3246 694 3301 fabulae
706 3245 806 3300 formas
825 3261 894 3314 quae
912 3247 970 3302 sine
988 3248 1173 3302 catasterismo
1192 3252 1298 3302 sunt-
1312 3248 1379 3302 duas

228 3332 371 3395 praeterea
381 3329 569 3384 constituimus
578 3361 608 3370 —
615 3331 745 3386 nonsatis
754 3331 874 3399 cognitas
883 3332 1020 3398 habemus,
1031 3332 1079 3386 sed
1088 3332 1151 3387 licet
1159 3331 1229 3387 idem
1238 3333 1378 3401 suspicari.

314 3416 339 3478 2)
357 3412 475 3466 Primam
495 3413 608 3470 Callisto
625 3417 696 3470 iuter
713 3416 802 3469 sidera
819 3420 956 3484 receptam
973 3430 1032 3471 esse
1049 3422 1081 3470 ut
1097 3416 1207 3481 diceret,
1224 3416 1252 3470 id
1271 3416 1381 3472 doctum

227 3503 336 3568 poetam
354 3497 469 3552 movisse
486 3498 603 3564 ridetur,
622 3500 694 3567 quod
711 3516 841 3554 summam
864 3501 915 3555 sibi
931 3501 1053 3556 Arcadm
1072 3501 1259 3569 antiquitatem
1276 3515 1379 3557 assere·

227 3584 295 3638 bant
312 3580 358 3648 (cf.
377 3582 462 3637 schol.
480 3581 516 3640 ad
534 3584 624 3652 Apoll.
643 3583 696 3638 Rh.
715 3584 753 3638 IV
772 3589 840 3651 264).
881 3585 998 3641 Primam
1022 3585 1094 3640 inter
1115 3586 1229 3641 feminas
1252 3586 1379 3642 mortales

227 3683 244 3722 a
256 3668 319 3723 Iove
331 3681 513 3736 compressam
525 3681 585 3722 esse
597 3667 713 3736 Nioben,
730 3669 866 3724 Phoronei
877 3669 970 3735 filiam,
988 3670 1035 3724 alii
1046 3671 1220 3725 affirmabant
1231 3671 1276 3736 (cf.
1289 3673 1378 3740 Apoll.

226 3752 296 3807 Bibl.
313 3752 340 3806 ll
359 3757 382 3819 1,
398 3757 420 3816 1,
433 3757 468 3819 5).

313 3840 338 3904 3)
357 3837 398 3892 Ol.
416 3836 487 3893 Rob.
511 3838 541 3892 in
558 3837 634 3894 Erat.
653 3823 713 3893 (lat.
731 3838 778 3893 rel.
797 3856 824 3909 p.
844 3843 893 3894 233
914 3833 955 3894 ‘Si
978 3841 1037 3910 quis
1059 3847 1200 3909 poetarum
1221 3839 1379 3894 Alexandri·

227 3935 322 3974 norum
338 3921 367 3975 in
384 3921 519 3978 sideribus
535 3921 744 3991 interpretandis
766 3923 842 3979 lusus
866 3923 973 3992 penitus
992 3925 1161 3993 cognoverit,
1183 3925 1207 3980 is
1224 3941 1280 3980 non
1296 3939 1378 3978 unum

229 4008 343 4069 tantum,
362 4006 409 4060 sed
427 4008 566 4076 complura
584 4007 700 4063 siderum
718 4009 799 4062 simul
816 4025 850 4062 ex
865 4009 914 4063 tali
930 4009 1024 4064 fabula
1039 4009 1168 4079 explicari
1184 4025 1239 4064 uon
1256 4002 1378 4077 ignorat?

314 4093 339 4155 4)
357 4089 477 4146 Roberto
494 4092 523 4146 in
534 4092 611 4148 Erat.
631 4093 660 4146 C.
673 4109 696 4148 r.
716 4110 743 4161 p.
758 4079 805 4146 2'2'l
825 4093 887 4149 adu.
908 4099 939 4150 14
956 4110 1020 4150 vera
1037 4096 1152 4150 nominis
1170 4094 1258 4149 torma
1276 4092 1378 4148 videtur
1488 4071 1489 4166 d
