2988 4728
23 791 25 892 l

477 315 519 370 De
536 314 662 370 Callistus
677 315 780 370 fabula.
1141 318 1203 378 833

171 485 259 550 Lact.
283 483 352 551 cod.
375 487 497 574 Monac.
659 488 748 555 Serv.
771 487 814 553 ad
838 487 933 570 Verg.
957 486 1182 568 Georg.124ii

665 589 781 673 (exscr.
805 588 1004 655 Gaudentius
1025 590 1059 655 in
1081 591 1180 657 schol.

762 692 855 758 Bern.
879 688 929 756 ed.
952 689 1081 775 Hagen)

99 843 135 850 —
158 807 379 890 indignatalm]
402 815 508 874 autem
524 810 612 893 Iuno,
683 845 724 855 -
752 827 833 890 quas
864 813 1034 894 postquam
1059 810 1202 896 Iuppiter

65 907 138 988 quod
153 910 297 994 Iuppiter
313 911 451 996 pelicem
466 929 558 977 suam
580 910 612 976 in
639 910 672 977 in
702 909 843 977 siderum
878 911 1000 977 rettuht
1026 931 1201 995 numerum,

64 1009 191 1078 sidorum
232 1032 399 1078 numerum
442 1010 612 1095 retulisset,
637 1013 717 1078 Iuno
738 1013 864 1096 rogavit
878 1013 1016 1098 Tethyn,
1038 1033 1130 1080 suam
1145 1035 1201 1081 nu·

23 1135 24 1188 ς
65 1113 179 1192 rogavit
193 1114 324 1199 Thetin,
341 1114 496 1202 nutricem
511 1132 612 1199 suam,
639 1115 760 1198 tricem,
781 1135 822 1180 ne
843 1134 984 1197 unquam
1006 1134 1061 1181 eas
1076 1123 1200 1201 patore-

23 1275 24 1278 ,
64 1211 145 1279 deam
159 1216 267 1298 maris,
282 1235 473 1299 neunquam
487 1219 610 1300 patero·
638 1221 689 1282 tur
711 1217 865 1284 occidere.
903 1215 998 1283 Unde
1019 1236 1104 1282 nunc
1122 1211 1199 1284 ‘me-

64 1319 205 1401 toreastt)
213 1318 369 1385 occidere.
383 1317 611 1402 UndeVerg.—
637 1311 775 1385 tuentes'
801 1318 892 1384 dixit.
915 1353 956 1364 -

136 1436 215 1504 (lum
243 1438 412 1506 Lactantio
439 1444 546 1506 autom
576 1439 764 1524 plerumque
799 1437 841 1504 ad
876 1437 1010 1505 verbum
1043 1438 1201 1504 consentit

23 1533 24 1536 ’
64 1525 209 1624 Mythogr.
234 1539 335 1606 Vatic.
362 1541 409 1626 Π,
435 1559 530 1623 quem
559 1561 617 1608 sua
645 1540 820 1607 maximam
847 1545 971 1623 partem
1001 1559 1042 1605 ex
1069 1538 1201 1606 scholiis

23 1661 24 1666 ¹
65 1635 244 1722 Vergilianis
260 1642 468 1727 descripsisse
482 1644 564 1710 inter
574 1644 693 1728 peritos
705 1649 830 1708 constat
842 1640 876 1725 ¹).
910 1641 994 1724 Ergo
1006 1640 1048 1705 ad
1061 1638 1199 1708 eundern

64 1740 96 1804 ab
116 1750 249 1827 utroque
271 1745 450 1829 relegamur
471 1746 601 1811 fontem.
638 1746 706 1810 Nec
728 1743 793 1808 iam
815 1728 947 1808 dubium
964 1741 1100 1822 videtur,
1123 1744 1199 1823 quin

23 1919 24 1922 Ἴ
65 1859 95 1904 tx
115 1846 244 1928 eodem,
267 1846 328 1912 etsi
350 1865 408 1930 por
430 1846 529 1912 alium
551 1846 705 1928 rivulum,
732 1843 860 1912 fluxerit
887 1842 974 1928 prior
999 1843 1058 1909 illa
1078 1842 1199 1926 Hygini

64 1942 178 2014 tabulae
202 1966 288 2032 pars.
332 1948 445 2030 Neque
466 1948 563 2032 igitur
585 1947 672 2014 casui
695 1946 898 2013 tribuendum
920 1944 1005 2027 quod
1029 1944 1134 2012 Servii
1156 1945 1198 2011 ad

64 2043 198 2132 Georgi
215 2052 278 2113 246
300 2049 400 2116 verba
418 2044 511 2133 ‘quas
533 2051 723 2135 postquam
743 2048 887 2132 luppiter
908 2047 942 2113 in
956 2046 1096 2113 siderum
1118 2053 1197 2112 ret-

64 2149 148 2216 tulit
168 2143 387 2218 numerum’
419 2152 524 2218 simile
546 2157 659 2218 sonant
681 2155 778 2232 atque
800 2149 920 2234 Hygini
946 2143 1090 2234 ‘postea
1111 2147 1198 2214 Iovis

64 2247 89 2312 h
107 2255 271 2320 stellarum
292 2274 498 2321 numerum
520 2245 700 2320 rettulit?

134 2357 269 2439 Fabula,
292 2373 387 2437 quam
416 2354 449 2419 hi
480 2375 520 2421 ex
549 2355 776 2421 commentario
803 2354 913 2434 aliquo
936 2351 1119 2434 Vergiliano
1142 2351 1195 2417 de-

63 2464 206 2540 sumptam
229 2462 374 2537 narrant,
397 2454 557 2522 ovidiana
579 2462 643 2538 est,
670 2457 732 2522 etsi
756 2476 777 2520 a
798 2453 965 2519 Lactantio
988 2452 1118 2518 Graecis
1139 2451 1197 2516 im-

22 2575 23 2594 *
63 2563 191 2644 putatur3
214 2560 270 2642 (ex
285 2579 348 2643 quo
364 2579 468 2625 errore
479 2594 521 2606 —
533 2579 575 2624 an
596 2555 741 2623 fraudem
756 2555 870 2642 putes?
885 2553 1007 2620 —solo
1029 2552 1197 2636 intellegas

63 2653 131 2726 hunc
151 2683 211 2728 sua
234 2661 276 2725 ab
298 2660 368 2745 ipso
391 2660 507 2728 Ouidio
536 2681 599 2728 non
626 2658 811 2744 accepisse).
856 2655 949 2734 Quod
976 2653 1005 2721 si
1034 2654 1105 2736 quis
1133 2674 1197 2720 uon

22 2797 23 2838 ,
63 2762 154 2828 statim
176 2763 379 2848 persenserit,
403 2784 476 2830 eum
491 2764 651 2830 monuisse
666 2761 801 2828 sufficiet
822 2757 928 2826 redire
949 2757 983 2823 in
1005 2759 1066 2823 hac
1086 2775 1197 2823 narra·

22 2881 23 2884 ¹
62 2857 142 2948 tione,
165 2885 250 2948 quae
272 2864 382 2931 Ouidii
404 2866 551 2951 propriae
573 2866 651 2948 sint,
673 2869 705 2930 et
728 2865 865 2930 Dianam
888 2859 1020 2927 Callisto
1044 2859 1195 2926 comitatu

62 2979 106 3030 sno
127 2968 338 3053 repellentem
360 2974 392 3034 et
414 2969 566 3034 Iunonem
589 2967 819 3048 indignantem,
842 2960 927 3043 quod
942 2960 1059 3044 paelex
1073 2979 1132 3024 sua
1154 2979 1195 3024 ex

61 3062 124 3134 love
146 3072 244 3137 etiam
267 3076 369 3136 mater
390 3071 476 3135 facta
498 3069 548 3134 sit.

22 3183 23 3226 i
131 3173 182 3238 Ad
206 3171 357 3238 Ovidium
379 3171 523 3237 revocari
544 3177 600 3236 aut
621 3173 753 3253 possunt
774 3171 831 3231 aut
852 3162 970 3229 dehent
998 3178 1038 3225 ea
1058 3176 1196 3240 quoqne,

62 3285 131 3346 quae
145 3275 225 3340 alibi
239 3274 271 3339 in
283 3273 414 3339 scholiis
426 3271 616 3356 Vergilianis
628 3269 668 3335 de
681 3267 813 3335 Callisto
826 3266 929 3332 relata
939 3267 1021 3327 sunt.
1050 3260 1197 3343 Excepta

61 3379 100 3436 est
113 3395 174 3440 una
186 3376 422 3442 narratiuncula
435 3395 456 3439 a
470 3373 574 3442 Servii
584 3371 810 3455 interpolatore
825 3365 868 3432 ad
879 3365 972 3448 Verg.
985 3361 1195 3445 Georg.1246

60 3468 178 3562 inserta,
202 3498 284 3560 quae
300 3479 342 3544 ad
357 3478 602 3544 Eratosthenem
622 3474 721 3560 redit;
744 3479 778 3538 at
794 3472 875 3537 haec
896 3485 960 3532 non
975 3463 1018 3529 ad
1033 3463 1194 3544 maiorem,

61 3576 109 3640 sed
134 3581 175 3647 ad
204 3580 357 3647 minorem
386 3581 524 3665 pertinet
548 3579 673 3646 Ursam.
718 3575 875 3657 Reliquae
900 3573 973 3634 sunt
999 3566 1076 3632 hae:
1104 3565 1194 3631 Serv.

60 3676 94 3740 ad
121 3681 212 3766 Verg.
243 3683 396 3765 Georgi
423 3686 480 3748 138
510 3680 689 3764 [exscripsit
717 3673 970 3765 Mythographus
997 3667 1067 3734 Vat.
1090 3667 1106 3731 l
1131 3669 1194 3742 171:

62 3776 237 3867 *Lycaon
248 3785 343 3866 enim,
358 3804 416 3852 rex
429 3784 596 3866 Arcadiae,
612 3779 725 3848 habuit
739 3778 835 3844 filiam
847 3776 980 3844 Callisto
995 3767 1058 3850 lh,
1074 3766 1192 3832 Galisto

60 3877 125 3945 libri
144 3885 252 3965 Servi.
289 3887 393 3965 Quam
410 3907 482 3953 cum
499 3886 646 3952 vitiasset
663 3883 813 3968 luppiter,
836 3881 913 3947 Iuno
936 3881 968 3948 in
991 3889 1098 3935 ursam
1120 3889 1193 3938 0011·

61 3997 204 4016 *x-

22 4063 23 4114 l
136 4073 159 4136 1)
177 4072 218 4130 cf.
238 4039 556 4126 honestanestone.
575 4070 623 4125 rol.
641 4086 668 4142 p.
687 4071 747 4123 219.

22 4157 23 4226 1
