2958 4734
258 292 320 350 242
695 296 861 352 Reinholdus
879 297 968 352 Franz

256 465 366 544 πόδας
388 466 424 533 δὲ
447 465 481 533 ἐν
502 481 574 544 τοῖς
596 474 729 552 Νομίας
749 468 885 554 γόνασιν
908 468 974 551 ἔχει
989 472 1166 552 κειμένους.
1204 466 1349 556 ἐδήλωσε
1372 469 1410 536 δέ

256 593 316 652 μοι
337 567 379 634 τὰ
402 569 551 657 πρότερα
572 574 633 638 τοῦ
655 569 753 656 λόγου
769 564 876 659 φάναι
890 569 968 650 τοὺς
984 564 1151 656 Ἀρκάδας
1166 576 1300 655 Νομίαν
1323 567 1410 640 εἶναι’

249 690 374 758 ,σφισιν
397 669 576 759 ἐπιχώριον
599 672 729 762 νύμφην
740 674 775 756 ¹).

341 773 455 837 Altera
469 775 572 844 forma
586 778 628 844 de
643 776 763 844 amissa
779 775 909 858 quidem
924 775 1030 861 specie
1045 777 1186 842 humana
1200 775 1279 842 nihil
1302 777 1408 862 hahet,

255 876 313 942 sed
335 875 474 961 sagittae
495 878 559 946 ictu
576 879 710 946 Callisto
732 879 995 946 interfectam
1017 877 1094 946 lacit
1115 879 1256 946 aDiana
1278 877 1408 963 virgini-

256 981 354 1043 tatem
361 999 423 1044 non
436 988 657 1048 conservatam
666 981 847 1048 ulciscente.
871 980 1021 1063 Legimus
1033 980 1257 1066 hancprimum
1271 979 1410 1046 breviter

255 1077 429 1146 indicatam
444 1081 477 1147 iu
492 1082 624 1150 Homeri
644 1090 677 1151 et
692 1080 826 1150 Hesiodi
846 1081 933 1164 quod
947 1082 1072 1167 proprie
1088 1081 1203 1148 dicitur
1225 1081 1408 1164 certamine,

257 1198 353 1262 quam
380 1183 521 1250 mediam
544 1185 742 1271 cognominis
764 1189 917 1251 tractatus
939 1183 1096 1251 Hadriani
1117 1190 1224 1252 aetate
1245 1183 1409 1268 compilati

255 1288 380 1365 partem
394 1303 435 1352 ex
447 1287 704 1354 Ancnnnnnnnrs
716 1286 890 1371 sophistae,
905 1284 1220 1372 Gorgiae-discipuli,
1236 1289 1409 1370 Moooetrp,

256 1400 439 1468 quanquam
460 1407 522 1453 non
538 1389 642 1473 plene,
665 1388 887 1472 transcriptam
910 1393 942 1455 et
963 1388 1137 1455 abeodem
1158 1388 1215 1456 illo
1231 1406 1303 1454 csse
1325 1408 1409 1454 oom-

256 1487 393 1570 positam
427 1489 575 1574 probavit
602 1488 783 1557 Fridericus
811 1488 982 1558 Nietusche
1016 1490 1050 1557 in
1077 1491 1158 1556 llus.
1188 1491 1289 1558 Rhen.
1318 1490 1411 1556 XXV

255 1611 286 1674 p.
303 1593 365 1654 536
376 1608 446 1673 sqq.
463 1596 495 1656 et
509 1592 649 1660 XXVIII
664 1614 694 1679 p.
708 1596 770 1658 220
781 1612 829 1676 sq.
859 1591 977 1659 Versus
992 1599 1100 1660 autem
1114 1598 1187 1659 sunt
1202 1592 1236 1658 hi
1249 1591 1412 1676 (lttsq.):

341 1696 414 1758 ΗΣ.
444 1685 548 1781 αὐτὰρ
572 1692 647 1761 ἐπεὶ
670 1693 783 1781 duride]
807 1692 913 1780 γάμῳ,
930 1687 1088 1780 Ἄρτεμις
1112 1692 1261 1781 ἰοχέαιρα
1283 1729 1324 1740 -

339 1795 419 1859 OM.
442 1794 620 1862 Καλλιστώ
642 1799 849 1884 κατέπεφνεν
872 1788 934 1861 ἄνι’
961 1789 1134 1882 ἀργυρέοιο
1155 1800 1256 1878 βιοῖο.

255 1895 409 1962 Memoria
430 1897 524 1964 huius
546 1899 668 1966 formae
689 1900 789 1966 multo
811 1898 943 1965 minoris
965 1903 1014 1964 est
1033 1899 1171 1965 ambitus
1195 1916 1291 1980 quam
1312 1897 1410 1966 illius.

255 1996 339 2062 Nam
349 2005 477 2082 praeter
488 2000 619 2067 brevem
630 2001 822 2069 mentionem
832 2002 865 2068 in
877 2002 984 2085 Apoll.
993 1999 1076 2066 Bibl.
1088 2001 1137 2066 III
1150 2003 1179 2083 8,
1192 2003 1249 2084 2,4
1262 2000 1411 2069 diversae
1444 2033 1448 2042 ·

255 2098 430 2166 narrationi
451 2101 605 2193 insertam
627 2101 708 2169 haec
729 2104 763 2170 In
786 2102 899 2170 litteris
922 2103 1035 2170 saltem
1063 2107 1232 2188 praeterea
1253 2121 1410 2185 nusquam

255 2200 425 2284 reperitur3
449 2201 482 2268 in
504 2223 703 2272 nummorum
725 2206 848 2288 aliquot
868 2204 1098 2272 Arcadicorum
1126 2203 1227 2287 signis
1249 2222 1290 2269 an
1313 2221 1410 2285 agno-

255 2302 375 2369 scenda
396 2304 447 2388 sit,
470 2311 582 2391 postea
604 2305 665 2374 erit
686 2307 870 2376 videndum.

340 2406 469 2472 InterIm
497 2407 666 2476 redeamus
693 2409 736 2477 ad
761 2411 905 2494 priorem
937 2410 1089 2492 formam,
1120 2414 1156 2474 ut
1184 2408 1283 2491 hanc,
1315 2425 1412 2489 quam

255 2505 395 2573 maxime
417 2507 486 2576 fieri
508 2511 640 2596 poterit,
663 2513 867 2597 exploremus
893 2518 925 2580 et
953 2532 1174 2597 exsequamur.
1218 2508 1411 2591 Antiquissi-

255 2628 351 2690 mum,
374 2626 469 2690 quem
491 2631 574 2679 nunc
596 2613 724 2697 quidem
750 2614 866 2681 afferre
893 2615 1018 2696 liceret,
1047 2617 1161 2678 testem
1183 2631 1281 2696 supra
1310 2611 1412 2677 nomi-
1452 2619 1453 2654 l

255 2709 330 2774 navi
346 2711 569 2795 Polygnotum.
606 2714 649 2779 At
664 2714 764 2799 fuere,
782 2716 837 2797 qui
852 2733 924 2780 eam
939 2714 1103 2795 aIananto
1122 2714 1208 2799 prius
1223 2713 1256 2778 in
1271 2712 1414 2779 Arcadia

255 2810 326 2893 ipsa
347 2832 533 2898 expressam
556 2815 618 2882 sibi
640 2815 825 2882 viderentur
847 2814 1015 2883 invenisse.

797 2974 868 3046 §fa

340 3085 476 3152 Exstant
491 3088 575 3154 enim
590 3089 709 3152 nummi
720 3087 852 3169 aliquot,
876 3085 952 3168 quia
967 3085 1082 3154 litteris
1097 3088 1178 3151 MA
1198 3087 1317 3170 signati
1338 3095 1416 3154 sunt

255 3191 288 3250 et
309 3185 405 3251 totius
428 3189 550 3255 numeri
577 3189 663 3256 haud
686 3190 804 3272 exigna
825 3208 899 3273 pars
926 3206 1026 3272 prope
1048 3191 1191 3275 Tegeam
1213 3195 1340 3275 reperta
1364 3199 1416 3258 est

255 3285 309 3367 (cf.
322 3281 446 3355 ‘Rcvue
467 3283 622 3358 numism.³
643 3295 724 3356 1874
748 3313 778 3374 p.
798 3289 886 3375 167),
911 3290 1115 3357 Mannmnan
1137 3290 1332 3376 assignandi,
1358 3294 1414 3375 qui

254 3388 287 3453 in
303 3389 410 3455 antica
425 3397 516 3475 parte
532 3413 663 3459 ursam
681 3395 732 3459 vel
747 3394 775 3459 si
790 3393 894 3459 mavis
909 3411 1016 3458 ursum
1032 3392 1185 3458 exhibent
1197 3392 1416 3460 sinistrorsum

253 3491 464 3578 gradientem,
486 3493 519 3560 in
542 3514 657 3562 aversa
671 3500 726 3561 aut
742 3495 931 3577 quadratum
947 3500 1001 3560 aut
1024 3494 1217 3578 triangulum
1239 3495 1417 3582 incussum,

343 3631 365 3694 1)
384 3627 443 3696 Quo
462 3628 574 3684 consilio
587 3627 753 3699 Polygnotus
766 3627 876 3683 Callisto
896 3642 957 3681 cum
970 3626 1068 3682 Nomia
1084 3635 1112 3682 et
1129 3627 1198 3684 Pero
1219 3630 1415 3698 composuerit,

212 3733 216 3740 ·
255 3714 400 3768 obscurum
421 3715 472 3769 est.
509 3712 541 3768 0.
558 3712 631 3768 Jahn
648 3730 675 3782 p.
697 3718 743 3768 111
763 3712 804 3768 sic
820 3711 937 3768 iudicat:
957 3705 1155 3781 ‘Betrachtung
1178 3712 1227 3768 der
1244 3712 1333 3767 Natus
1356 3716 1417 3769 und

255 3799 303 3854 dea
320 3798 348 3852 iu
365 3797 408 3851 ihr
420 3797 565 3853 schenden
583 3797 638 3852 und
655 3797 787 3852 lebenden
800 3797 906 3852 Geistea
923 3797 952 3851 In
970 3796 1022 3851 den
1033 3796 1218 3854 betretlenden
1230 3797 1317 3866 Sagen
1329 3829 1364 3838 -
1378 3829 1416 3840 —

254 3884 282 3937 iu
299 3883 343 3937 ihr
359 3881 459 3950 glaube
475 3881 521 3936 ich
538 3882 587 3937 das
605 3882 682 3939 Band
699 3899 734 3936 aa
752 3881 855 3948 finden,
878 3881 995 3936 welches
1012 3882 1086 3938 disse
1109 3885 1124 3936 3
1142 3880 1260 3949 Figuren
1278 3913 1312 3921 -
1324 3913 1360 3923 -
1378 3901 1418 3938 au

255 3967 329 4023 einer
340 3967 599 4035 hedeutungsvollen
609 3967 721 4036 Gruppe
733 3959 894 4033 vereinigte’
922 3966 999 4021 Mora
1009 3983 1072 4022 vero
1084 3967 1189 4022 somnia
1199 3967 1315 4034 protulit
1323 3967 1418 4023 Baeh-

255 4052 318 4108 oleu
335 4045 414 4118 I‘Der
431 4052 487 4109 Ber
503 4053 531 4108 in
549 4053 601 4110 den
619 4052 707 4120 Relig.
726 4051 752 4106 d.
770 4043 906 4117 Alterth.'‚
925 4050 1009 4108 Basil.
1029 4054 1094 4107 1863
1111 4067 1139 4121 p.
1153 4054 1204 4119 22).
