<?xml version="1.0" encoding="UTF-8"?>
<!DOCTYPE html PUBLIC "-//W3C//DTD XHTML 1.0 Transitional//EN"
    "http://www.w3.org/TR/xhtml1/DTD/xhtml1-transitional.dtd">
<html xmlns="http://www.w3.org/1999/xhtml" xml:lang="en" lang="en">
 <head>
  <title>
</title>
<meta http-equiv="Content-Type" content="text/html;charset=utf-8" />
  <meta name='ocr-system' content='tesseract 3.04.00' />
  <meta name='ocr-capabilities' content='ocr_page ocr_carea ocr_par ocr_line ocrx_word'/>
</head>
<body>
  <div class='ocr_page' id='page_1' title='image "./decallistusfabu00frangoog_0115.png"; bbox 0 0 2988 4728; ppageno 0'>
   <div class='ocr_carea' id='block_1_1' title="bbox 232 253 943 313">
    <p class='ocr_par' dir='ltr' id='par_1_1' title="bbox 232 253 943 313">
     <span class='ocr_line' id='line_1_1' title="bbox 232 253 943 313; baseline -0.008 -1"><span class='ocrx_word' id='word_1_1' title='bbox 232 253 296 313; x_wconf 81' lang='lat'>340</span> <span class='ocrx_word' id='word_1_2' title='bbox 671 253 837 308; x_wconf 87' lang='lat' dir='ltr'>Reinboldus</span> <span class='ocrx_word' id='word_1_3' title='bbox 855 253 943 308; x_wconf 79' lang='lat' dir='ltr'>Erana</span> 
     </span>
    </p>
   </div>
   <div class='ocr_carea' id='block_1_2' title="bbox 277 424 1401 512">
    <p class='ocr_par' dir='ltr' id='par_1_2' title="bbox 277 383 1479 532">
     <span class='ocr_line' id='line_1_2' title="bbox 277 424 1401 512; baseline -0.022 -19"><span class='ocrx_word' id='word_1_4' title='bbox 277 427 434 493; x_wconf 86' lang='lat' dir='ltr'>Hercfur.</span> <span class='ocrx_word' id='word_1_5' title='bbox 444 424 1082 511; x_wconf 51' lang='lat' dir='ltr'>5sqq.llunoloquitur]—upaelices</span> <span class='ocrx_word' id='word_1_6' title='bbox 1098 425 1222 490; x_wconf 90' lang='lat' dir='ltr'>caelum</span> <span class='ocrx_word' id='word_1_7' title='bbox 1229 430 1341 494; x_wconf 64' lang='lat' dir='ltr'>tenent</span> <span class='ocrx_word' id='word_1_8' title='bbox 1356 428 1401 512; x_wconf 41' lang='grc' dir='ltr'>ι).</span> 
     </span>
    </p>
   </div>
   <div class='ocr_carea' id='block_1_3' title="bbox 269 525 1479 1323">
    <p class='ocr_par' dir='ltr' id='par_1_3' title="bbox 269 525 1479 1323">
     <span class='ocr_line' id='line_1_3' title="bbox 550 525 1253 611; baseline -0.001 -18"><span class='ocrx_word' id='word_1_9' title='bbox 550 528 632 594; x_wconf 89' lang='lat' dir='ltr'>Hinc</span> <span class='ocrx_word' id='word_1_10' title='bbox 654 528 795 594; x_wconf 86' lang='lat' dir='ltr'>Arctos</span> <span class='ocrx_word' id='word_1_11' title='bbox 817 528 885 594; x_wconf 90' lang='lat' dir='ltr'>alta</span> <span class='ocrx_word' id='word_1_12' title='bbox 906 532 997 611; x_wconf 91' lang='lat' dir='ltr'>parte</span> <span class='ocrx_word' id='word_1_13' title='bbox 1019 525 1164 609; x_wconf 88' lang='lat' dir='ltr'>glacialis</span> <span class='ocrx_word' id='word_1_14' title='bbox 1185 528 1253 610; x_wconf 94' lang='lat' dir='ltr'>poli</span> 
     </span>
     <span class='ocr_line' id='line_1_4' title="bbox 549 627 1226 712; baseline -0.001 -16"><span class='ocrx_word' id='word_1_15' title='bbox 549 629 686 697; x_wconf 90' lang='lat' dir='ltr'>sublime</span> <span class='ocrx_word' id='word_1_16' title='bbox 709 630 829 696; x_wconf 77' lang='lat' dir='ltr'><strong>classes</strong></span> <span class='ocrx_word' id='word_1_17' title='bbox 850 629 939 696; x_wconf 91' lang='lat' dir='ltr'>sidus</span> <span class='ocrx_word' id='word_1_18' title='bbox 962 627 1129 710; x_wconf 83' lang='lat' dir='ltr'>Argolicas</span> <span class='ocrx_word' id='word_1_19' title='bbox 1150 629 1226 712; x_wconf 83' lang='lat' dir='ltr'>agit.</span> 
     </span>
     <span class='ocr_line' id='line_1_5' title="bbox 269 721 1337 816; baseline 0.002 -19"><span class='ocrx_word' id='word_1_20' title='bbox 269 721 406 798; x_wconf 72' lang='lat' dir='ltr'>Phaedr.v</span> <span class='ocrx_word' id='word_1_21' title='bbox 420 736 537 816; x_wconf 78' lang='lat' dir='ltr'>287sq.</span> <span class='ocrx_word' id='word_1_22' title='bbox 552 733 580 798; x_wconf 89' lang='lat' dir='ltr'>si</span> <span class='ocrx_word' id='word_1_23' title='bbox 602 751 667 813; x_wconf 90' lang='lat' dir='ltr'>qua</span> <span class='ocrx_word' id='word_1_24' title='bbox 688 731 822 798; x_wconf 85' lang='lat' dir='ltr'>ferventi</span> <span class='ocrx_word' id='word_1_25' title='bbox 845 731 989 797; x_wconf 90' lang='lat' dir='ltr'>subiecta</span> <span class='ocrx_word' id='word_1_26' title='bbox 1010 749 1124 796; x_wconf 85' lang='lat' dir='ltr'>cancro</span> <span class='ocrx_word' id='word_1_27' title='bbox 1147 735 1200 809; x_wconf 90' lang='lat' dir='ltr'>[sc.</span> <span class='ocrx_word' id='word_1_28' title='bbox 1224 731 1337 816; x_wconf 84' lang='lat' dir='ltr'>regiol,</span> 
     </span>
     <span class='ocr_line' id='line_1_6' title="bbox 552 833 1327 917; baseline 0.003 -19"><span class='ocrx_word' id='word_1_29' title='bbox 552 834 579 898; x_wconf 88' lang='lat' dir='ltr'>si</span> <span class='ocrx_word' id='word_1_30' title='bbox 602 853 665 916; x_wconf 91' lang='lat' dir='ltr'>qua</span> <span class='ocrx_word' id='word_1_31' title='bbox 687 833 931 899; x_wconf 90' lang='lat' dir='ltr'>Parrhasiae</span> <span class='ocrx_word' id='word_1_32' title='bbox 953 833 1100 917; x_wconf 85' lang='lat' dir='ltr'>glacialis</span> <span class='ocrx_word' id='word_1_33' title='bbox 1121 852 1259 917; x_wconf 86' lang='lat' dir='ltr'>ursae,</span> <span class='ocrx_word' id='word_1_34' title='bbox 1282 871 1327 880; x_wconf 89' lang='lat'>-</span> 
     </span>
     <span class='ocr_line' id='line_1_7' title="bbox 274 932 1238 1019; baseline 0.005 -21"><span class='ocrx_word' id='word_1_35' title='bbox 274 935 367 1000; x_wconf 89' lang='lat' dir='ltr'>Hero.</span> <span class='ocrx_word' id='word_1_36' title='bbox 390 932 460 1002; x_wconf 88' lang='lat' dir='ltr'>Oet.</span> <span class='ocrx_word' id='word_1_37' title='bbox 479 939 560 1003; x_wconf 81' lang='lat'>1280</span> <span class='ocrx_word' id='word_1_38' title='bbox 572 955 641 1018; x_wconf 89' lang='lat' dir='ltr'>sqq.</span> <span class='ocrx_word' id='word_1_39' title='bbox 666 934 826 1019; x_wconf 90' lang='lat' dir='ltr'>quondam</span> <span class='ocrx_word' id='word_1_40' title='bbox 849 935 962 1000; x_wconf 79' lang='lat' dir='ltr'>Getico</span> <span class='ocrx_word' id='word_1_41' title='bbox 985 933 1094 1000; x_wconf 89' lang='lat' dir='ltr'>durior</span> <span class='ocrx_word' id='word_1_42' title='bbox 1116 935 1238 1003; x_wconf 80' lang='lat' dir='ltr'>Haemo</span> 
     </span>
     <span class='ocr_line' id='line_1_8' title="bbox 666 1036 1190 1104; baseline 0 -2"><span class='ocrx_word' id='word_1_43' title='bbox 666 1057 725 1104; x_wconf 90' lang='lat' dir='ltr'>nec</span> <span class='ocrx_word' id='word_1_44' title='bbox 746 1036 969 1102; x_wconf 88' lang='lat' dir='ltr'>Parrhasio</span> <span class='ocrx_word' id='word_1_45' title='bbox 992 1037 1093 1104; x_wconf 93' lang='lat' dir='ltr'>lenior</span> <span class='ocrx_word' id='word_1_46' title='bbox 1116 1057 1190 1102; x_wconf 83' lang='lat' dir='ltr'>axe</span> 
     </span>
     <span class='ocr_line' id='line_1_9' title="bbox 668 1124 1479 1222; baseline -0.002 -17"><span class='ocrx_word' id='word_1_47' title='bbox 668 1158 767 1206; x_wconf 89' lang='lat' dir='ltr'>saevo</span> <span class='ocrx_word' id='word_1_48' title='bbox 791 1138 887 1204; x_wconf 90' lang='lat' dir='ltr'>cessit</span> <span class='ocrx_word' id='word_1_49' title='bbox 909 1124 1053 1204; x_wconf 90' lang='lat' dir='ltr'>membra</span> <span class='ocrx_word' id='word_1_50' title='bbox 1076 1139 1187 1206; x_wconf 91' lang='lat' dir='ltr'>dolori.</span> <span class='ocrx_word' id='word_1_51' title='bbox 1478 1217 1479 1222; x_wconf 8' lang='grc' dir='ltr'><em>ρ</em></span> 
     </span>
     <span class='ocr_line' id='line_1_10' title="bbox 272 1231 1479 1323; baseline 0.006 -18"><span class='ocrx_word' id='word_1_52' title='bbox 272 1243 420 1306; x_wconf 81' lang='lat' dir='ltr'>Laconas</span> <span class='ocrx_word' id='word_1_53' title='bbox 434 1242 662 1309; x_wconf 78' lang='lat' dir='ltr'>Phars.1123l</span> <span class='ocrx_word' id='word_1_54' title='bbox 679 1239 897 1307; x_wconf 88' lang='lat' dir='ltr'>Parrhasis</span> <span class='ocrx_word' id='word_1_55' title='bbox 912 1241 1060 1323; x_wconf 90' lang='lat' dir='ltr'>obliquos</span> <span class='ocrx_word' id='word_1_56' title='bbox 1075 1240 1216 1308; x_wconf 80' lang='lat' dir='ltr'>Helice</span> <span class='ocrx_word' id='word_1_57' title='bbox 1232 1262 1303 1308; x_wconf 88' lang='lat' dir='ltr'>cum</span> <span class='ocrx_word' id='word_1_58' title='bbox 1321 1265 1397 1311; x_wconf 82' lang='lat' dir='ltr'>ver·</span> <span class='ocrx_word' id='word_1_59' title='bbox 1478 1231 1479 1312; x_wconf 64' lang='lat' dir='ltr'>s</span> 
     </span>
    </p>
   </div>
   <div class='ocr_carea' id='block_1_4' title="bbox 287 1345 1238 1508">
    <p class='ocr_par' dir='ltr' id='par_1_4' title="bbox 287 1345 1238 1508">
     <span class='ocr_line' id='line_1_11' title="bbox 1011 1345 1238 1420; baseline -0.005 -10.93"><span class='ocrx_word' id='word_1_60' title='bbox 1011 1348 1092 1410; x_wconf 84' lang='lat' dir='ltr'>ltere</span> <span class='ocrx_word' id='word_1_61' title='bbox 1113 1345 1238 1420; x_wconf 67' lang='lat' dir='ltr'>axesI).</span> 
     </span>
     <span class='ocr_line' id='line_1_12' title="bbox 287 1427 855 1508; baseline 0.002 -19"><span class='ocrx_word' id='word_1_62' title='bbox 287 1427 330 1491; x_wconf 88' lang='lat' dir='ltr'>Va</span> <span class='ocrx_word' id='word_1_63' title='bbox 332 1429 428 1491; x_wconf 69' lang='lat' dir='ltr'>tortus</span> <span class='ocrx_word' id='word_1_64' title='bbox 447 1427 578 1490; x_wconf 77' lang='lat' dir='ltr'>Flaccus</span> <span class='ocrx_word' id='word_1_65' title='bbox 592 1428 668 1508; x_wconf 82' lang='lat' dir='ltr'>Arg.</span> <span class='ocrx_word' id='word_1_66' title='bbox 683 1427 699 1491; x_wconf 96' lang='lat' dir='ltr'>I</span> <span class='ocrx_word' id='word_1_67' title='bbox 714 1428 773 1490; x_wconf 80' lang='lat'>481</span> <span class='ocrx_word' id='word_1_68' title='bbox 785 1445 855 1508; x_wconf 85' lang='lat' dir='ltr'><strong>sqq.</strong></span> 
     </span>
    </p>
   </div>
   <div class='ocr_carea' id='block_1_5' title="bbox 282 1526 1479 2019">
    <p class='ocr_par' dir='ltr' id='par_1_5' title="bbox 391 1526 1257 1613">
     <span class='ocr_line' id='line_1_13' title="bbox 391 1526 1257 1613; baseline 0 -17"><span class='ocrx_word' id='word_1_69' title='bbox 391 1529 527 1613; x_wconf 84' lang='lat' dir='ltr'>pervigil</span> <span class='ocrx_word' id='word_1_70' title='bbox 549 1526 726 1595; x_wconf 87' lang='lat' dir='ltr'>Arcadio</span> <span class='ocrx_word' id='word_1_71' title='bbox 749 1528 874 1612; x_wconf 84' lang='lat' dir='ltr'>Tiphys</span> <span class='ocrx_word' id='word_1_72' title='bbox 895 1528 1059 1613; x_wconf 85' lang='lat' dir='ltr'>pendebat</span> <span class='ocrx_word' id='word_1_73' title='bbox 1081 1528 1122 1595; x_wconf 90' lang='lat' dir='ltr'>ab</span> <span class='ocrx_word' id='word_1_74' title='bbox 1145 1538 1257 1596; x_wconf 90' lang='lat' dir='ltr'>astro</span> 
     </span>
    </p>

    <p class='ocr_par' dir='ltr' id='par_1_6' title="bbox 392 1630 1172 1717">
     <span class='ocr_line' id='line_1_14' title="bbox 392 1630 1172 1717; baseline 0 -22"><span class='ocrx_word' id='word_1_75' title='bbox 392 1632 586 1717; x_wconf 79' lang='lat' dir='ltr'>Hagniades,</span> <span class='ocrx_word' id='word_1_76' title='bbox 608 1630 685 1697; x_wconf 86' lang='lat' dir='ltr'>felix</span> <span class='ocrx_word' id='word_1_77' title='bbox 707 1632 809 1697; x_wconf 88' lang='lat' dir='ltr'>stellis</span> <span class='ocrx_word' id='word_1_78' title='bbox 832 1632 888 1716; x_wconf 90' lang='lat' dir='ltr'>qui</span> <span class='ocrx_word' id='word_1_79' title='bbox 909 1631 1060 1716; x_wconf 82' lang='lat' dir='ltr'>segnibus</span> <span class='ocrx_word' id='word_1_80' title='bbox 1081 1650 1172 1698; x_wconf 90' lang='lat' dir='ltr'>usum</span> 
     </span>
    </p>

    <p class='ocr_par' dir='ltr' id='par_1_7' title="bbox 282 1733 1479 2034">
     <span class='ocr_line' id='line_1_15' title="bbox 391 1733 1479 1816; baseline 0 -16"><span class='ocrx_word' id='word_1_81' title='bbox 391 1741 423 1800; x_wconf 88' lang='lat' dir='ltr'>el</span> <span class='ocrx_word' id='word_1_82' title='bbox 445 1733 535 1800; x_wconf 80' lang='lat' dir='ltr'>dedit</span> <span class='ocrx_word' id='word_1_83' title='bbox 556 1752 732 1816; x_wconf 86' lang='lat' dir='ltr'>aequoreos</span> <span class='ocrx_word' id='word_1_84' title='bbox 761 1734 850 1800; x_wconf 88' lang='lat' dir='ltr'>caelo</span> <span class='ocrx_word' id='word_1_85' title='bbox 874 1733 955 1800; x_wconf 90' lang='lat' dir='ltr'>duce</span> <span class='ocrx_word' id='word_1_86' title='bbox 978 1733 1109 1800; x_wconf 89' lang='lat' dir='ltr'>tendere</span> <span class='ocrx_word' id='word_1_87' title='bbox 1130 1753 1249 1801; x_wconf 88' lang='lat' dir='ltr'>cursus.</span> <span class='ocrx_word' id='word_1_88' title='bbox 1478 1791 1479 1800; x_wconf 73' lang='grc'>,</span> 
     </span>
     <span class='ocr_line' id='line_1_16' title="bbox 282 1835 1397 1918; baseline 0.003 -16"><span class='ocrx_word' id='word_1_89' title='bbox 282 1837 377 1902; x_wconf 75' lang='lat' dir='ltr'>VIOI</span> <span class='ocrx_word' id='word_1_90' title='bbox 391 1835 517 1914; x_wconf 85' lang='lat' dir='ltr'>[Phasis</span> <span class='ocrx_word' id='word_1_91' title='bbox 539 1835 779 1913; x_wconf 89' lang='lat' dir='ltr'>invocatur]-</span> <span class='ocrx_word' id='word_1_92' title='bbox 801 1835 928 1901; x_wconf 82' lang='lat' dir='ltr'>fecundi</span> <span class='ocrx_word' id='word_1_93' title='bbox 951 1836 1057 1917; x_wconf 90' lang='lat' dir='ltr'>proles</span> <span class='ocrx_word' id='word_1_94' title='bbox 1080 1836 1176 1918; x_wconf 85' lang='lat' dir='ltr'>lovis,</span> <span class='ocrx_word' id='word_1_95' title='bbox 1198 1843 1268 1904; x_wconf 88' lang='lat' dir='ltr'>orte</span> <span class='ocrx_word' id='word_1_96' title='bbox 1290 1838 1397 1905; x_wconf 90' lang='lat' dir='ltr'>nivali</span> 
     </span>
     <span class='ocr_line' id='line_1_17' title="bbox 389 1935 953 2019; baseline -0.001 -15"><span class='ocrx_word' id='word_1_97' title='bbox 389 1938 574 2004; x_wconf 86' lang='lat' dir='ltr'>Arcados</span> <span class='ocrx_word' id='word_1_98' title='bbox 596 1957 658 2002; x_wconf 84' lang='lat' dir='ltr'>axe</span> <span class='ocrx_word' id='word_1_99' title='bbox 680 1935 824 2019; x_wconf 72' lang='lat' dir='ltr'>deae3),</span> <span class='ocrx_word' id='word_1_100' title='bbox 847 1971 888 1980; x_wconf 95' lang='lat'><em>-</em></span> <span class='ocrx_word' id='word_1_101' title='bbox 910 1965 953 1980; x_wconf 76' lang='lat'>--</span> 
     </span>
    </p>
   </div>
   <div class='ocr_carea' id='block_1_6' title="bbox 234 2084 1479 4118">
    <p class='ocr_par' dir='ltr' id='par_1_8' title="bbox 234 2084 1479 4118">
     <span class='ocr_line' id='line_1_18' title="bbox 330 2084 1302 2158; baseline 0.005 -18"><span class='ocrx_word' id='word_1_102' title='bbox 330 2092 352 2153; x_wconf 76' lang='lat'>1)</span> <span class='ocrx_word' id='word_1_103' title='bbox 370 2086 481 2141; x_wconf 83' lang='lat' dir='ltr'>Eisdem</span> <span class='ocrx_word' id='word_1_104' title='bbox 498 2086 581 2142; x_wconf 89' lang='lat' dir='ltr'>Livor</span> <span class='ocrx_word' id='word_1_105' title='bbox 597 2087 728 2141; x_wconf 92' lang='lat' dir='ltr'>Iunonem</span> <span class='ocrx_word' id='word_1_106' title='bbox 747 2085 910 2140; x_wconf 86' lang='lat' dir='ltr'>stimulatio</span> <span class='ocrx_word' id='word_1_107' title='bbox 927 2084 1017 2140; x_wconf 84' lang='lat' dir='ltr'>Nonni</span> <span class='ocrx_word' id='word_1_108' title='bbox 1034 2087 1114 2142; x_wconf 78' lang='lat' dir='ltr'>DIon.</span> <span class='ocrx_word' id='word_1_109' title='bbox 1134 2087 1200 2141; x_wconf 89' lang='lat' dir='ltr'>VIII</span> <span class='ocrx_word' id='word_1_110' title='bbox 1218 2094 1302 2158; x_wconf 77' lang='lat' dir='ltr'><strong>73sq.</strong></span> 
     </span>
     <span class='ocr_line' id='line_1_19' title="bbox 324 2159 1479 2248; baseline 0.005 -24"><span class='ocrx_word' id='word_1_111' title='bbox 324 2176 349 2236; x_wconf 76' lang='lat' dir='ltr'>‘Il</span> <span class='ocrx_word' id='word_1_112' title='bbox 361 2170 435 2224; x_wconf 85' lang='lat' dir='ltr'>Nihil</span> <span class='ocrx_word' id='word_1_113' title='bbox 451 2171 505 2225; x_wconf 87' lang='lat' dir='ltr'>nisi</span> <span class='ocrx_word' id='word_1_114' title='bbox 521 2171 587 2224; x_wconf 81' lang='lat' dir='ltr'>trita</span> <span class='ocrx_word' id='word_1_115' title='bbox 604 2171 671 2238; x_wconf 85' lang='lat' dir='ltr'>legis</span> <span class='ocrx_word' id='word_1_116' title='bbox 688 2171 716 2224; x_wconf 95' lang='lat' dir='ltr'>in</span> <span class='ocrx_word' id='word_1_117' title='bbox 736 2169 893 2226; x_wconf 85' lang='lat' dir='ltr'>commentis</span> <span class='ocrx_word' id='word_1_118' title='bbox 906 2171 985 2224; x_wconf 87' lang='lat' dir='ltr'>Bern.</span> <span class='ocrx_word' id='word_1_119' title='bbox 1005 2187 1074 2241; x_wconf 88' lang='lat' dir='ltr'>quae</span> <span class='ocrx_word' id='word_1_120' title='bbox 1086 2172 1190 2227; x_wconf 86' lang='lat' dir='ltr'>Usener</span> <span class='ocrx_word' id='word_1_121' title='bbox 1206 2173 1309 2241; x_wconf 84' lang='lat' dir='ltr'>publici</span> <span class='ocrx_word' id='word_1_122' title='bbox 1326 2174 1398 2230; x_wconf 88' lang='lat' dir='ltr'>iuris</span> <span class='ocrx_word' id='word_1_123' title='bbox 1478 2159 1479 2248; x_wconf 81' lang='lat' dir='ltr'>l</span> 
     </span>
     <span class='ocr_line' id='line_1_20' title="bbox 238 2253 1479 2328; baseline 0.006 -18"><span class='ocrx_word' id='word_1_124' title='bbox 238 2256 304 2310; x_wconf 85' lang='lat' dir='ltr'>fecit</span> <span class='ocrx_word' id='word_1_125' title='bbox 326 2255 361 2309; x_wconf 92' lang='lat' dir='ltr'>ad</span> <span class='ocrx_word' id='word_1_126' title='bbox 378 2255 451 2310; x_wconf 90' lang='lat' dir='ltr'>hunc</span> <span class='ocrx_word' id='word_1_127' title='bbox 468 2270 575 2309; x_wconf 83' lang='lat' dir='ltr'>versum</span> <span class='ocrx_word' id='word_1_128' title='bbox 593 2256 736 2310; x_wconf 86' lang='lat' dir='ltr'>adnotata:</span> <span class='ocrx_word' id='word_1_129' title='bbox 751 2253 894 2311; x_wconf 80' lang='lat' dir='ltr'>‘Parnasos</span> <span class='ocrx_word' id='word_1_130' title='bbox 915 2257 980 2310; x_wconf 84' lang='lat' dir='ltr'>urbs</span> <span class='ocrx_word' id='word_1_131' title='bbox 999 2256 1173 2326; x_wconf 75' lang='lat' dir='ltr'>Arcadi&lt;a&gt;e,‘</span> <span class='ocrx_word' id='word_1_132' title='bbox 1189 2257 1260 2310; x_wconf 90' lang='lat' dir='ltr'>unde</span> <span class='ocrx_word' id='word_1_133' title='bbox 1280 2257 1395 2328; x_wconf 81' lang='lat' dir='ltr'>calisto,</span> <span class='ocrx_word' id='word_1_134' title='bbox 1478 2255 1479 2318; x_wconf 84' lang='lat' dir='ltr'>l</span> 
     </span>
     <span class='ocr_line' id='line_1_21' title="bbox 234 2337 1479 2418; baseline 0.001 -21"><span class='ocrx_word' id='word_1_135' title='bbox 234 2357 304 2412; x_wconf 88' lang='lat' dir='ltr'>quae</span> <span class='ocrx_word' id='word_1_136' title='bbox 322 2342 558 2412; x_wconf 77' lang='lat' dir='ltr'>septentrionalem</span> <span class='ocrx_word' id='word_1_137' title='bbox 571 2342 701 2396; x_wconf 88' lang='lat' dir='ltr'>circulum</span> <span class='ocrx_word' id='word_1_138' title='bbox 719 2337 824 2411; x_wconf 88' lang='lat' dir='ltr'>habet’,</span> <span class='ocrx_word' id='word_1_139' title='bbox 841 2347 889 2396; x_wconf 90' lang='lat' dir='ltr'>aut</span> <span class='ocrx_word' id='word_1_140' title='bbox 905 2341 934 2396; x_wconf 90' lang='lat' dir='ltr'>iu</span> <span class='ocrx_word' id='word_1_141' title='bbox 952 2341 1036 2397; x_wconf 80' lang='lat' dir='ltr'>schol.</span> <span class='ocrx_word' id='word_1_142' title='bbox 1049 2356 1119 2410; x_wconf 88' lang='lat' dir='ltr'>quae</span> <span class='ocrx_word' id='word_1_143' title='bbox 1132 2341 1232 2396; x_wconf 89' lang='lat' dir='ltr'>Weber</span> <span class='ocrx_word' id='word_1_144' title='bbox 1245 2358 1308 2396; x_wconf 91' lang='lat' dir='ltr'>oum</span> <span class='ocrx_word' id='word_1_145' title='bbox 1320 2342 1393 2400; x_wconf 88' lang='lat' dir='ltr'>Luc.</span> <span class='ocrx_word' id='word_1_146' title='bbox 1478 2341 1479 2418; x_wconf 73' lang='lat' dir='ltr'>l</span> 
     </span>
     <span class='ocr_line' id='line_1_22' title="bbox 235 2421 1479 2500; baseline 0.002 -20"><span class='ocrx_word' id='word_1_147' title='bbox 235 2442 316 2480; x_wconf 89' lang='lat' dir='ltr'>carm.</span> <span class='ocrx_word' id='word_1_148' title='bbox 327 2427 411 2483; x_wconf 85' lang='lat' dir='ltr'>edidit</span> <span class='ocrx_word' id='word_1_149' title='bbox 422 2426 475 2481; x_wconf 83' lang='lat' dir='ltr'>rol.</span> <span class='ocrx_word' id='word_1_150' title='bbox 485 2427 525 2480; x_wconf 94' lang='lat' dir='ltr'>III</span> <span class='ocrx_word' id='word_1_151' title='bbox 537 2443 564 2496; x_wconf 89' lang='lat' dir='ltr'>p.</span> <span class='ocrx_word' id='word_1_152' title='bbox 577 2430 638 2482; x_wconf 77' lang='lat'>134:</span> <span class='ocrx_word' id='word_1_153' title='bbox 647 2421 824 2483; x_wconf 82' lang='lat' dir='ltr'>‘callslonem</span> <span class='ocrx_word' id='word_1_154' title='bbox 836 2427 902 2481; x_wconf 90' lang='lat' dir='ltr'>dicit</span> <span class='ocrx_word' id='word_1_155' title='bbox 916 2441 933 2481; x_wconf 88' lang='lat' dir='ltr'>a</span> <span class='ocrx_word' id='word_1_156' title='bbox 945 2427 1007 2482; x_wconf 91' lang='lat' dir='ltr'>Iove</span> <span class='ocrx_word' id='word_1_157' title='bbox 1020 2441 1201 2495; x_wconf 83' lang='lat' dir='ltr'>compressam</span> <span class='ocrx_word' id='word_1_158' title='bbox 1213 2430 1242 2480; x_wconf 86' lang='lat' dir='ltr'>et</span> <span class='ocrx_word' id='word_1_159' title='bbox 1257 2427 1286 2482; x_wconf 86' lang='lat' dir='ltr'>ln</span> <span class='ocrx_word' id='word_1_160' title='bbox 1298 2445 1393 2484; x_wconf 88' lang='lat' dir='ltr'>ursam</span> <span class='ocrx_word' id='word_1_161' title='bbox 1478 2429 1479 2500; x_wconf 59' lang='grc' dir='ltr'>ᾗ</span> 
     </span>
     <span class='ocr_line' id='line_1_23' title="bbox 235 2504 1029 2582; baseline 0 -16"><span class='ocrx_word' id='word_1_162' title='bbox 235 2527 399 2579; x_wconf 86' lang='lat' dir='ltr'>conversam,</span> <span class='ocrx_word' id='word_1_163' title='bbox 417 2518 513 2582; x_wconf 88' lang='lat' dir='ltr'>postea</span> <span class='ocrx_word' id='word_1_164' title='bbox 530 2511 559 2565; x_wconf 93' lang='lat' dir='ltr'>in</span> <span class='ocrx_word' id='word_1_165' title='bbox 576 2512 648 2566; x_wconf 87' lang='lat' dir='ltr'>sidus</span> <span class='ocrx_word' id='word_1_166' title='bbox 667 2519 803 2582; x_wconf 85' lang='lat' dir='ltr'>receptam</span> <span class='ocrx_word' id='word_1_167' title='bbox 821 2504 1029 2582; x_wconf 80' lang='lat' dir='ltr'>septentrIonis.&#39;</span> 
     </span>
     <span class='ocr_line' id='line_1_24' title="bbox 320 2596 1260 2662; baseline 0.004 -15"><span class='ocrx_word' id='word_1_168' title='bbox 320 2600 347 2662; x_wconf 82' lang='lat'>3)</span> <span class='ocrx_word' id='word_1_169' title='bbox 365 2596 459 2650; x_wconf 83' lang='lat' dir='ltr'>Sidera</span> <span class='ocrx_word' id='word_1_170' title='bbox 477 2597 541 2651; x_wconf 90' lang='lat' dir='ltr'>deos</span> <span class='ocrx_word' id='word_1_171' title='bbox 560 2612 619 2650; x_wconf 87' lang='lat' dir='ltr'>csse</span> <span class='ocrx_word' id='word_1_172' title='bbox 636 2597 765 2651; x_wconf 87' lang='lat' dir='ltr'>Romanis</span> <span class='ocrx_word' id='word_1_173' title='bbox 783 2597 838 2650; x_wconf 89' lang='lat' dir='ltr'>ism</span> <span class='ocrx_word' id='word_1_174' title='bbox 856 2599 972 2652; x_wconf 88' lang='lat' dir='ltr'>constat.</span> <span class='ocrx_word' id='word_1_175' title='bbox 1008 2597 1177 2652; x_wconf 87' lang='lat' dir='ltr'>Documento</span> <span class='ocrx_word' id='word_1_176' title='bbox 1196 2601 1260 2651; x_wconf 88' lang='lat' dir='ltr'>sunt</span> 
     </span>
     <span class='ocr_line' id='line_1_25' title="bbox 365 2681 1160 2751; baseline -0.003 -15"><span class='ocrx_word' id='word_1_177' title='bbox 365 2681 413 2736; x_wconf 90' lang='lat' dir='ltr'>Ov.</span> <span class='ocrx_word' id='word_1_178' title='bbox 432 2681 498 2734; x_wconf 90' lang='lat' dir='ltr'>Met.</span> <span class='ocrx_word' id='word_1_179' title='bbox 512 2681 599 2734; x_wconf 81' lang='lat'>11521</span> <span class='ocrx_word' id='word_1_180' title='bbox 621 2681 697 2744; x_wconf 91' lang='lat' dir='ltr'>[Iuno</span> <span class='ocrx_word' id='word_1_181' title='bbox 716 2682 749 2736; x_wconf 87' lang='lat' dir='ltr'>de</span> <span class='ocrx_word' id='word_1_182' title='bbox 767 2681 893 2736; x_wconf 81' lang='lat' dir='ltr'>Callistus</span> <span class='ocrx_word' id='word_1_183' title='bbox 911 2682 1013 2751; x_wconf 89' lang='lat' dir='ltr'>honore</span> <span class='ocrx_word' id='word_1_184' title='bbox 1030 2681 1160 2749; x_wconf 85' lang='lat' dir='ltr'>queritur]</span> 
     </span>
     <span class='ocr_line' id='line_1_26' title="bbox 620 2765 1171 2831; baseline 0.004 -12"><span class='ocrx_word' id='word_1_185' title='bbox 620 2765 691 2819; x_wconf 88' lang='lat' dir='ltr'>Esse</span> <span class='ocrx_word' id='word_1_186' title='bbox 709 2765 843 2820; x_wconf 89' lang='lat' dir='ltr'>hominem</span> <span class='ocrx_word' id='word_1_187' title='bbox 861 2767 942 2831; x_wconf 86' lang='lat' dir='ltr'>vetui,</span> <span class='ocrx_word' id='word_1_188' title='bbox 961 2766 1035 2821; x_wconf 84' lang='lat' dir='ltr'>facta</span> <span class='ocrx_word' id='word_1_189' title='bbox 1052 2770 1095 2822; x_wconf 90' lang='lat' dir='ltr'>est</span> <span class='ocrx_word' id='word_1_190' title='bbox 1113 2767 1171 2821; x_wconf 87' lang='lat' dir='ltr'>dea.</span> 
     </span>
     <span class='ocr_line' id='line_1_27' title="bbox 264 2849 1479 2914; baseline -0.002 -8"><span class='ocrx_word' id='word_1_191' title='bbox 264 2849 692 2914; x_wconf 76' lang='lat' dir='ltr'>Sen.Here.lur.12(Leo)ferro</span> <span class='ocrx_word' id='word_1_192' title='bbox 710 2850 801 2904; x_wconf 89' lang='lat' dir='ltr'>minax</span> <span class='ocrx_word' id='word_1_193' title='bbox 818 2850 882 2905; x_wconf 87' lang='lat' dir='ltr'>binc</span> <span class='ocrx_word' id='word_1_194' title='bbox 899 2856 984 2907; x_wconf 86' lang='lat' dir='ltr'>terret</span> <span class='ocrx_word' id='word_1_195' title='bbox 1001 2852 1085 2907; x_wconf 89' lang='lat' dir='ltr'>Orion</span> <span class='ocrx_word' id='word_1_196' title='bbox 1103 2851 1177 2905; x_wconf 88' lang='lat' dir='ltr'>deos.</span> <span class='ocrx_word' id='word_1_197' title='bbox 1478 2905 1479 2912; x_wconf 10' lang='grc' dir='ltr'><em>γ</em></span> 
     </span>
     <span class='ocr_line' id='line_1_28' title="bbox 431 2935 1479 3006; baseline -0.001 -15"><span class='ocrx_word' id='word_1_198' title='bbox 431 2936 600 3006; x_wconf 60' lang='lat' dir='ltr'>Thyestem</span> <span class='ocrx_word' id='word_1_199' title='bbox 620 2935 1390 3006; x_wconf 85' lang='lat' dir='ltr'>[chorussideraenumerareincipitdecaalodelapsura]</span> <span class='ocrx_word' id='word_1_200' title='bbox 1478 2949 1479 2956; x_wconf 55' lang='lat'>¹</span> 
     </span>
     <span class='ocr_line' id='line_1_29' title="bbox 620 3020 1024 3084; baseline 0.005 -10"><span class='ocrx_word' id='word_1_201' title='bbox 620 3051 653 3060; x_wconf 90' lang='lat'>—</span> <span class='ocrx_word' id='word_1_202' title='bbox 671 3051 705 3060; x_wconf 85' lang='lat'>—</span> <span class='ocrx_word' id='word_1_203' title='bbox 723 3051 756 3059; x_wconf 89' lang='lat'>—-</span> <span class='ocrx_word' id='word_1_204' title='bbox 774 3020 876 3076; x_wconf 89' lang='lat' dir='ltr'>-ibit</span> <span class='ocrx_word' id='word_1_205' title='bbox 892 3022 921 3084; x_wconf 86' lang='lat' dir='ltr'>in</span> <span class='ocrx_word' id='word_1_206' title='bbox 940 3038 1024 3076; x_wconf 89' lang='lat' dir='ltr'>unum</span> 
     </span>
     <span class='ocr_line' id='line_1_30' title="bbox 620 3103 1089 3175; baseline -0.004 -13"><span class='ocrx_word' id='word_1_207' title='bbox 620 3110 748 3175; x_wconf 83' lang='lat' dir='ltr'>congesta</span> <span class='ocrx_word' id='word_1_208' title='bbox 764 3103 852 3160; x_wconf 89' lang='lat' dir='ltr'>sinum</span> <span class='ocrx_word' id='word_1_209' title='bbox 869 3106 953 3160; x_wconf 85' lang='lat' dir='ltr'>turba</span> <span class='ocrx_word' id='word_1_210' title='bbox 969 3106 1089 3162; x_wconf 89' lang='lat' dir='ltr'>deorum.</span> 
     </span>
     <span class='ocr_line' id='line_1_31' title="bbox 395 3190 1094 3260; baseline -0.001 -14"><span class='ocrx_word' id='word_1_211' title='bbox 395 3193 476 3249; x_wconf 90' lang='lat' dir='ltr'>Herc</span> <span class='ocrx_word' id='word_1_212' title='bbox 490 3195 521 3250; x_wconf 90' lang='grc' dir='ltr'>Ο.</span> <span class='ocrx_word' id='word_1_213' title='bbox 537 3198 602 3250; x_wconf 85' lang='grc'>1903</span> <span class='ocrx_word' id='word_1_214' title='bbox 621 3208 667 3247; x_wconf 84' lang='lat' dir='ltr'>vos</span> <span class='ocrx_word' id='word_1_215' title='bbox 686 3205 793 3260; x_wconf 87' lang='lat' dir='ltr'>quoque</span> <span class='ocrx_word' id='word_1_216' title='bbox 809 3190 902 3245; x_wconf 89' lang='lat' dir='ltr'>mundi</span> <span class='ocrx_word' id='word_1_217' title='bbox 919 3193 1001 3246; x_wconf 86' lang='lat' dir='ltr'>turba</span> <span class='ocrx_word' id='word_1_218' title='bbox 1018 3192 1094 3246; x_wconf 77' lang='lat' dir='ltr'>cibati</span> 
     </span>
     <span class='ocr_line' id='line_1_32' title="bbox 617 3276 1101 3344; baseline -0.004 -13"><span class='ocrx_word' id='word_1_219' title='bbox 617 3278 680 3333; x_wconf 85' lang='lat' dir='ltr'>flete</span> <span class='ocrx_word' id='word_1_220' title='bbox 698 3277 856 3344; x_wconf 86' lang='lat' dir='ltr'>Herculeos,</span> <span class='ocrx_word' id='word_1_221' title='bbox 874 3276 993 3342; x_wconf 86' lang='lat' dir='ltr'>numina,</span> <span class='ocrx_word' id='word_1_222' title='bbox 1012 3290 1101 3330; x_wconf 86' lang='lat' dir='ltr'>casus.</span> 
     </span>
     <span class='ocr_line' id='line_1_33' title="bbox 322 3295 1479 3433; baseline -0.002 -18"><span class='ocrx_word' id='word_1_223' title='bbox 322 3363 390 3431; x_wconf 84' lang='lat' dir='ltr'>Hyg</span> <span class='ocrx_word' id='word_1_224' title='bbox 397 3362 451 3418; x_wconf 85' lang='lat' dir='ltr'>lab</span> <span class='ocrx_word' id='word_1_225' title='bbox 461 3362 595 3417; x_wconf 82' lang='lat' dir='ltr'>COXXIV</span> <span class='ocrx_word' id='word_1_226' title='bbox 597 3358 1390 3433; x_wconf 85' lang='lat' dir='ltr'>‚inquapraetaraliosArcasPerseusCallistoafferuntur‚</span> <span class='ocrx_word' id='word_1_227' title='bbox 1478 3295 1479 3422; x_wconf 76' lang='lat' dir='ltr'>l</span> 
     </span>
     <span class='ocr_line' id='line_1_34' title="bbox 613 3441 1479 3515; baseline -0.001 -15"><span class='ocrx_word' id='word_1_228' title='bbox 613 3447 743 3515; x_wconf 87' lang='lat' dir='ltr'>iuscripta</span> <span class='ocrx_word' id='word_1_229' title='bbox 751 3441 816 3513; x_wconf 76' lang='lat' dir='ltr'>‘Qui</span> <span class='ocrx_word' id='word_1_230' title='bbox 827 3446 893 3499; x_wconf 85' lang='lat' dir='ltr'>facti</span> <span class='ocrx_word' id='word_1_231' title='bbox 905 3450 970 3499; x_wconf 87' lang='lat' dir='ltr'>sunt</span> <span class='ocrx_word' id='word_1_232' title='bbox 982 3461 1016 3500; x_wconf 84' lang='lat' dir='ltr'>ex</span> <span class='ocrx_word' id='word_1_233' title='bbox 1027 3445 1186 3500; x_wconf 89' lang='lat' dir='ltr'>mortalibus</span> <span class='ocrx_word' id='word_1_234' title='bbox 1198 3441 1389 3500; x_wconf 84' lang='lat' dir='ltr'>immortales&#39;.</span> <span class='ocrx_word' id='word_1_235' title='bbox 1478 3461 1479 3508; x_wconf 61' lang='grc' dir='ltr'><strong>ς</strong></span> 
     </span>
     <span class='ocr_line' id='line_1_35' title="bbox 237 3529 1479 3599; baseline -0.005 -10"><span class='ocrx_word' id='word_1_236' title='bbox 237 3534 271 3589; x_wconf 86' lang='lat' dir='ltr'>cl.</span> <span class='ocrx_word' id='word_1_237' title='bbox 295 3535 374 3589; x_wconf 90' lang='lat' dir='ltr'>etiam</span> <span class='ocrx_word' id='word_1_238' title='bbox 397 3534 487 3589; x_wconf 89' lang='lat' dir='ltr'>Nonni</span> <span class='ocrx_word' id='word_1_239' title='bbox 503 3533 584 3587; x_wconf 92' lang='lat' dir='ltr'>Dion.</span> <span class='ocrx_word' id='word_1_240' title='bbox 603 3531 706 3586; x_wconf 80' lang='lat' dir='ltr'>XLVII</span> <span class='ocrx_word' id='word_1_241' title='bbox 725 3535 772 3584; x_wconf 74' lang='lat'>257</span> <span class='ocrx_word' id='word_1_242' title='bbox 787 3545 846 3598; x_wconf 88' lang='lat' dir='ltr'>sqq.</span> <span class='ocrx_word' id='word_1_243' title='bbox 870 3535 898 3584; x_wconf 90' lang='lat' dir='ltr'>et</span> <span class='ocrx_word' id='word_1_244' title='bbox 915 3544 999 3598; x_wconf 88' lang='lat' dir='ltr'>supra</span> <span class='ocrx_word' id='word_1_245' title='bbox 1016 3547 1043 3599; x_wconf 93' lang='lat' dir='ltr'>p.</span> <span class='ocrx_word' id='word_1_246' title='bbox 1065 3534 1114 3584; x_wconf 75' lang='lat' dir='ltr'>ast</span> <span class='ocrx_word' id='word_1_247' title='bbox 1131 3531 1195 3585; x_wconf 90' lang='lat' dir='ltr'>adn.</span> <span class='ocrx_word' id='word_1_248' title='bbox 1215 3533 1239 3583; x_wconf 81' lang='lat'>2.</span> <span class='ocrx_word' id='word_1_249' title='bbox 1281 3529 1392 3584; x_wconf 88' lang='lat' dir='ltr'>Semina</span> <span class='ocrx_word' id='word_1_250' title='bbox 1478 3535 1479 3592; x_wconf 67' lang='lat' dir='ltr'>l</span> 
     </span>
     <span class='ocr_line' id='line_1_36' title="bbox 237 3607 1479 3689; baseline -0.006 -14"><span class='ocrx_word' id='word_1_251' title='bbox 237 3622 368 3689; x_wconf 87' lang='lat' dir='ltr'>quaedam</span> <span class='ocrx_word' id='word_1_252' title='bbox 386 3621 466 3674; x_wconf 89' lang='lat' dir='ltr'>huius</span> <span class='ocrx_word' id='word_1_253' title='bbox 485 3619 619 3688; x_wconf 88' lang='lat' dir='ltr'>opiuionis</span> <span class='ocrx_word' id='word_1_254' title='bbox 637 3616 691 3670; x_wconf 90' lang='lat' dir='ltr'>iam</span> <span class='ocrx_word' id='word_1_255' title='bbox 708 3615 783 3685; x_wconf 90' lang='lat' dir='ltr'>apud</span> <span class='ocrx_word' id='word_1_256' title='bbox 800 3613 958 3683; x_wconf 86' lang='lat' dir='ltr'>Euripidem</span> <span class='ocrx_word' id='word_1_257' title='bbox 975 3614 1155 3680; x_wconf 75' lang='lat' dir='ltr'>inoculantur,</span> <span class='ocrx_word' id='word_1_258' title='bbox 1174 3613 1220 3682; x_wconf 86' lang='lat' dir='ltr'>qui</span> <span class='ocrx_word' id='word_1_259' title='bbox 1237 3614 1265 3668; x_wconf 93' lang='lat' dir='ltr'>in</span> <span class='ocrx_word' id='word_1_260' title='bbox 1279 3615 1391 3670; x_wconf 86' lang='lat' dir='ltr'>Electra</span> <span class='ocrx_word' id='word_1_261' title='bbox 1478 3607 1479 3644; x_wconf 66' lang='lat'>³</span> 
     </span>
     <span class='ocr_line' id='line_1_37' title="bbox 237 3699 913 3774; baseline -0.012 -14"><span class='ocrx_word' id='word_1_262' title='bbox 237 3711 297 3772; x_wconf 81' lang='lat' dir='ltr'>(aab</span> <span class='ocrx_word' id='word_1_263' title='bbox 307 3709 375 3774; x_wconf 86' lang='lat' dir='ltr'>sqq.)</span> <span class='ocrx_word' id='word_1_264' title='bbox 394 3705 461 3759; x_wconf 88' lang='lat' dir='ltr'>haec</span> <span class='ocrx_word' id='word_1_265' title='bbox 480 3706 513 3760; x_wconf 91' lang='lat' dir='ltr'>de</span> <span class='ocrx_word' id='word_1_266' title='bbox 531 3703 644 3757; x_wconf 80' lang='lat' dir='ltr'>Castore</span> <span class='ocrx_word' id='word_1_267' title='bbox 662 3703 690 3756; x_wconf 88' lang='lat' dir='ltr'>et</span> <span class='ocrx_word' id='word_1_268' title='bbox 706 3700 817 3756; x_wconf 92' lang='lat' dir='ltr'>Polluce</span> <span class='ocrx_word' id='word_1_269' title='bbox 834 3699 913 3754; x_wconf 86' lang='lat' dir='ltr'>dicit:</span> 
     </span>
     <span class='ocr_line' id='line_1_38' title="bbox 525 3779 1069 3858; baseline -0.006 -16"><span class='ocrx_word' id='word_1_270' title='bbox 525 3791 573 3843; x_wconf 82' lang='grc' dir='ltr'>καὶ</span> <span class='ocrx_word' id='word_1_271' title='bbox 590 3795 654 3844; x_wconf 85' lang='grc' dir='ltr'><strong><em>τοῖν</em></strong></span> <span class='ocrx_word' id='word_1_272' title='bbox 671 3779 797 3858; x_wconf 68' lang='grc' dir='ltr'><em>ἀγαθοῖν</em></span> <span class='ocrx_word' id='word_1_273' title='bbox 815 3782 933 3858; x_wconf 74' lang='grc' dir='ltr'><em>ξύγγονε</em></span> <span class='ocrx_word' id='word_1_274' title='bbox 950 3780 1069 3858; x_wconf 82' lang='grc' dir='ltr'>κούροιν</span> 
     </span>
     <span class='ocr_line' id='line_1_39' title="bbox 528 3865 1157 3945; baseline -0.006 -17"><span class='ocrx_word' id='word_1_275' title='bbox 528 3868 604 3938; x_wconf 86' lang='grc' dir='ltr'>Διός,</span> <span class='ocrx_word' id='word_1_276' title='bbox 623 3869 651 3928; x_wconf 75' lang='grc' dir='ltr'>οἳ</span> <span class='ocrx_word' id='word_1_277' title='bbox 668 3866 815 3944; x_wconf 81' lang='grc' dir='ltr'><em>φλογερὰν</em></span> <span class='ocrx_word' id='word_1_278' title='bbox 833 3865 929 3945; x_wconf 75' lang='grc' dir='ltr'><em>αἰθέρ’</em></span> <span class='ocrx_word' id='word_1_279' title='bbox 947 3868 979 3927; x_wconf 81' lang='grc' dir='ltr'>ἐν</span> <span class='ocrx_word' id='word_1_280' title='bbox 996 3867 1115 3942; x_wconf 75' lang='grc' dir='ltr'>ἄστροις</span> <span class='ocrx_word' id='word_1_281' title='bbox 1155 3901 1157 3903; x_wconf 96' lang='grc'>-</span> 
     </span>
     <span class='ocr_line' id='line_1_40' title="bbox 526 3952 1051 4028; baseline -0.006 -15"><span class='ocrx_word' id='word_1_282' title='bbox 526 3959 645 4022; x_wconf 81' lang='grc' dir='ltr'>ναίουσι,</span> <span class='ocrx_word' id='word_1_283' title='bbox 663 3960 780 4028; x_wconf 78' lang='grc' dir='ltr'><em>βροτῶν</em></span> <span class='ocrx_word' id='word_1_284' title='bbox 797 3953 829 4012; x_wconf 80' lang='grc' dir='ltr'>ἐν</span> <span class='ocrx_word' id='word_1_285' title='bbox 847 3952 919 4021; x_wconf 64' lang='lat' dir='ltr'>alba</span> <span class='ocrx_word' id='word_1_286' title='bbox 936 3953 1051 4028; x_wconf 69' lang='grc' dir='ltr'>ῥοθίοις</span> 
     </span>
     <span class='ocr_line' id='line_1_41' title="bbox 526 4037 897 4118; baseline -0.008 -19"><span class='ocrx_word' id='word_1_287' title='bbox 526 4037 609 4114; x_wconf 83' lang='grc' dir='ltr'>τιμὰς</span> <span class='ocrx_word' id='word_1_288' title='bbox 627 4045 758 4118; x_wconf 81' lang='grc' dir='ltr'><em>σωτῆρας</em></span> <span class='ocrx_word' id='word_1_289' title='bbox 776 4037 897 4114; x_wconf 69' lang='grc' dir='ltr'><em>ἔχοντες.</em></span> 
     </span>
    </p>
   </div>
   <div class='ocr_carea' id='block_1_7' title="bbox 0 0 1506 4728">
    <p class='ocr_par' dir='ltr' id='par_1_9' title="bbox 0 0 1506 4728">
     <span class='ocr_line' id='line_1_42' title="bbox 0 0 1506 4728; baseline 0 0"><span class='ocrx_word' id='word_1_290' title='bbox 0 0 1506 4728; x_wconf 95' lang='lat' dir='ltr'> </span> 
     </span>
    </p>
   </div>
  </div>
 </body>
</html>
