2958 4734
241 311 302 371 286
675 305 842 362 Reinholdns
860 305 950 361 Franz

242 503 316 549 nem
338 480 371 546 in
393 479 515 548 scholio
538 483 682 547 notatam
705 477 819 561 fuisse,
848 475 1037 542 Callimachi
1066 481 1172 542 autem
1203 476 1402 545 mentionem

242 581 286 650 ad
315 582 449 649 alteram
471 581 586 648 leviter
608 579 767 647 deflexam
789 583 969 661 spectasse,
997 595 1080 659 quae
1101 584 1216 661 postea
1238 579 1401 647 omittere-

242 690 307 769 tur,
337 691 372 750 ut
400 703 483 751 nuuc
511 683 649 749 auctoris
683 701 800 748 nomen
834 698 896 762 quo
932 679 1000 746 iure
1036 680 1206 747 referretur
1242 699 1307 746 non
1335 680 1401 748 iarn

242 786 388 867 haberet,
410 783 444 850 id
467 781 555 869 quod
576 805 640 850 nun
662 783 763 850 semel
784 781 903 848 factum
926 798 997 846 esse
1020 779 1184 847 Schwartz
1206 782 1227 846 l.
1244 782 1266 846 l.
1291 801 1400 848 exem-

242 886 305 971 plis
327 885 436 951 allatis
459 883 688 968 comprobavit.
730 883 847 950 Verum
877 887 984 949 tamen
1007 879 1240 948 Callimachum
1262 902 1333 949 rem
1355 883 1402 949 sic

244 1004 418 1067 enarrasse,
442 990 477 1050 ut
499 983 675 1050 scholiasta
696 984 773 1066 vult,
798 1005 835 1051 eo
858 981 1074 1065 confirmatur,
1104 982 1190 1064 quod
1213 981 1282 1049 eius
1306 983 1400 1049 disci-

243 1087 337 1172 pulus
353 1085 438 1148 Ister
452 1084 526 1168 (frg.
544 1083 598 1168 57)
615 1084 779 1153 Themisto
794 1105 896 1168 suam,
917 1079 1072 1168 adquam
1088 1083 1240 1150 Callistus
1256 1084 1402 1150 fabulam

243 1186 421 1270 transtulit,
448 1185 525 1253 item
548 1207 569 1252 a
589 1188 710 1254 lunone
734 1205 920 1254 conversam
942 1184 1073 1251 inducit.
1118 1186 1203 1268 Ergo
1227 1191 1315 1252 certe
1337 1206 1401 1252 nou

243 1293 308 1373 est,
338 1309 393 1356 cur
428 1287 469 1355 de
497 1288 741 1372 subscriptionis
769 1287 834 1354 fide
862 1286 1054 1353 dubitemus.
1105 1288 1222 1370 Porro,
1251 1287 1306 1352 uhi
1337 1307 1400 1354 uon

242 1390 308 1456 iam
330 1390 456 1456 Dianae
479 1387 543 1471 ira,
566 1387 625 1454 sed
643 1389 774 1456 lunonis
796 1386 919 1453 invidia
940 1387 1069 1470 fingitur
1091 1395 1192 1454 causa'
1211 1387 1322 1473 fuisse,
1347 1409 1400 1456 cur

244 1492 376 1558 Callisto
396 1488 501 1555 bestia
514 1488 614 1570 fieret,
636 1487 718 1554 illud
734 1494 783 1556 881
806 1495 837 1556 81
858 1487 1129 1573 simplicissimum
1152 1494 1184 1557 et
1207 1489 1398 1573 proximum,

244 1598 279 1659 81
292 1594 372 1658 1888
388 1590 513 1656 Dianae
528 1596 637 1672 partes
652 1589 781 1674 subeat;
805 1591 957 1672 sequitur,
980 1596 1015 1655 ut
1036 1590 1123 1675 prior
1144 1591 1186 1656 sit
1208 1590 1267 1658 illa
1289 1593 1399 1675 forma,

245 1711 328 1775 quae
350 1691 483 1759 Callisto
505 1710 526 1754 a
547 1691 667 1756 Iunone
689 1689 761 1774 ipsa
783 1695 938 1757 mutatam
958 1690 1099 1776 exhibet,
1122 1692 1281 1775 posterior
1304 1698 1337 1759 et
1359 1713 1398 1759 ex

244 1795 302 1860 illa
337 1793 464 1861 demum
493 1788 633 1856 deducta
659 1791 756 1875 haec,
790 1810 872 1874 quae
902 1793 1043 1878 puellam
1073 1812 1094 1858 a
1121 1794 1214 1876 Ioue,
1249 1814 1291 1860 ne
1321 1795 1398 1860 Iunc

245 1895 439 1964 adulterium
475 1892 621 1974 sentiret,
659 1911 845 1962 conversam
879 1893 964 1960 facit.
1020 1894 1106 1980 Ergo
1138 1915 1196 1979 pru
1230 1894 1399 1979 principali

245 1999 333 2064 fonte
353 1995 500 2078 accipere
523 1993 677 2060 debemus
699 1995 914 2062 narrationem
937 1995 1161 2062 Clamarem.

333 2095 397 2164 Sed
414 2095 539 2164 exsistit
553 2094 707 2177 quaestio,
729 2096 858 2178 quinam
873 2096 993 2162 factum
1009 2097 1058 2180 sit,
1082 2104 1117 2164 ut
1133 2096 1201 2164 eius
1216 2097 1398 2180 exemplum

158 2189 161 2196 ’
244 2203 359 2283 postea
382 2197 436 2280 qui
458 2196 559 2263 secuti
580 2203 654 2264 sunt
675 2197 834 2280 nonnulli,
865 2196 1011 2281 quamuis
1034 2196 1164 2282 leviter,
1186 2198 1399 2266 immutarent.

247 2299 384 2366 Causam
414 2297 554 2364 novandi
582 2299 693 2382 procul
720 2298 818 2366 dubio
853 2333 893 2344 -
925 2297 1023 2381 idque
1056 2299 1122 2366 iam
1151 2319 1171 2366 8
1198 2299 1339 2366 Roberto
1368 2301 1401 2365 in

246 2401 379 2468 Prelleri
401 2399 501 2484 Myth.
523 2401 561 2465 1⁴
583 2419 614 2483 p.
631 2403 692 2464 3114
715 2399 789 2467 adu.
812 2403 831 2464 2
859 2406 1062 2484 perspectum
1090 2422 1154 2470 non
1183 2401 1251 2468 sine
1281 2401 1400 2485 gaudio

245 2502 314 2570 vidi
337 2537 376 2548 ——
401 2501 564 2568 simillima
586 2501 640 2565 Ius
661 2500 772 2568 fabula
794 2501 940 2586 praebuit
963 2502 1033 2585 pari
1055 2506 1151 2587 atque
1167 2501 1280 2577 eodem
1304 2501 1399 2569 modu

246 2602 372 2669 variata
402 2608 434 2667 et
465 2621 564 2684 saepe
597 2621 668 2667 eum
698 2602 849 2669 Callistus
877 2602 988 2669 fabula
1020 2604 1205 2688 composita.
1248 2605 1400 2671 Attamen

245 2708 374 2786 poetam
396 2701 446 2766 illi
467 2701 550 2768 hauc
577 2703 793 2788 adaequasse,
823 2721 894 2768 cum
917 2703 1149 2772 Callimachum
1178 2711 1306 2772 secutus
1329 2727 1399 2772 eam

246 2802 352 2870 denuo
377 2801 523 2868 versibus
546 2801 755 2885 exprimeret,
783 2821 984 2886 nequaquam
1007 2810 1056 2872 est
1078 2805 1239 2872 credibile.
1284 2805 1399 2874 Obstat

155 2911 164 2924 '
247 2903 346 2986 enim,
377 2922 440 2988 quo
468 2902 581 2968 ambas
610 2901 802 2970 narrationis
831 2905 954 2988 species
980 2906 1062 2974 iuter
1083 2927 1119 2974 se
1142 2907 1307 2974 devinctas
1330 2926 1399 2976 8888

246 3005 468 3089 cognovimus,
504 3024 609 3072 rerum
637 3004 870 3088 verborumque
899 3013 1085 3091 concentus,
1120 3025 1215 3089 quem
1245 3009 1399 3094 expedire

245 3127 309 3175 non
343 3111 450 3193 potest
470 3105 541 3190 'qui
574 3105 618 3173 ad
646 3113 775 3190 poetam
804 3108 987 3192 confugeret
1014 3109 1197 3175 mutationis
1227 3118 1399 3195 auctorem,

246 3215 356 3293 utpote
386 3227 481 3290 quem
514 3227 608 3275 nemo
631 3208 774 3275 crederet
807 3208 929 3276 eisdem
960 3231 999 3276 ac
1027 3210 1260 3277 Callimachum
1293 3214 1399 3280 verbis

247 3328 340 3376 usum
355 3327 435 3375 esse.
473 3306 544 3386 Qua
560 3310 601 3376 de
624 3328 722 3376 causa
736 3310 940 3376 statuendum
963 3317 1012 3377 est
1026 3310 1288 3394 mytboqrcpbnm
1304 3332 1398 3395 queu-

247 3407 338 3489 dam,
368 3409 423 3489 qui
449 3408 575 3475 fabulas
596 3410 640 3494 ad
662 3412 796 3478 verbum
818 3413 1029 3478 transcribere
1051 3417 1106 3478 aut
1136 3410 1308 3478 fastidiosa
1330 3434 1399 3481 cum

247 3507 417 3594 diligentia
444 3528 625 3598 excerpere
646 3511 791 3595 putidum
820 3511 964 3596 duceret,
998 3513 1166 3580 notissima
1195 3517 1251 3581 Ius
1280 3515 1398 3598 fabula,

248 3610 338 3678 cuius
365 3610 404 3676 in
427 3609 583 3676 consimili
606 3609 758 3680 Callistus
778 3614 905 3680 fortuna
928 3615 958 3681 ei
979 3614 1012 3680 in
1041 3616 1228 3681 memoriam
1250 3617 1398 3697 88818881,

247 3711 421 3779 adductum
444 3729 531 3795 8888,
559 3719 595 3777 81
615 3711 708 3778 huius
730 3732 857 3797 quoque
879 3734 930 3781 res
952 3715 995 3781 ad
1016 3714 1102 3783 illius
1125 3717 1309 3802 exemplum
1331 3718 1398 3784 red-

247 3813 352 3895 deret,
382 3812 522 3880 scribens
549 3813 675 3898 Iouem,
708 3824 743 3880 ut
771 3835 902 3881 uxorem
931 3817 1047 3882 furtum
1081 3819 1215 3902 celaret,
1250 3819 1399 3888 dilectam

246 3915 390 3997 puellam
417 3914 521 3996 ipsum
549 3915 685 3982 deformi
717 3933 811 3982 ursae
843 3917 951 4000 specie
979 3917 1151 3987 abdidisse.
1195 3921 1234 3986 In
1266 3922 1398 4003 reliquis

247 4013 328 4080 nihil
349 4014 490 4098 novavit,
513 4014 571 4083 sed
591 4014 712 4082 intacta
734 4034 816 4098 quae
831 4016 953 4085 invenit
974 4020 1146 4087 transtulit.
1180 4022 1217 4087 In
1240 4022 1399 4090 88888181-
