2988 4728
713 289 879 345 Reinholdns
897 289 986 344 Franz

816 535 887 608 §5.

265 682 268 690 '
360 673 438 738 Post
453 669 604 735 Ovidium
619 668 773 736 callistus
787 689 839 735 res
854 668 959 736 denuo
982 674 1120 736 tractare
1136 689 1201 735 non
1218 669 1329 734 mirum
1343 663 1418 748 quod

277 793 370 839 nemo
392 791 489 838 ausus
513 777 569 838 est.
615 771 717 837 Huius
747 771 830 838 enim
852 770 992 837 narratio
1018 780 1053 837 ut
1076 771 1265 855 plenissima
1292 769 1336 835 ita
1355 787 1416 832 sua·
1459 815 1460 856 ι

277 874 410 939 vissima
433 877 490 954 est,
513 893 572 938 nee
594 871 704 939 dubito
728 873 803 955 quin
827 871 933 957 brevi,
960 880 1118 954 quatenus
1147 873 1276 956 linguae
1299 868 1416 935 Latinae

280 975 449 1059 imperium
472 974 613 1059 patebat,
637 973 804 1057 divulgata
818 975 948 1041 auribus
963 974 1141 1058 animisque
1157 993 1193 1041 se
1208 969 1415 1046 insinuaverit;

276 1097 337 1143 nec
359 1076 456 1145 cessit
477 1077 656 1162 principatu
679 1075 722 1142 ad
744 1085 854 1145 nostra
876 1095 978 1160 usque
999 1082 1156 1162 tempora,
1179 1075 1239 1143 sed
1253 1074 1417 1142 etiamnunc

280 1179 410 1264 ingenia
432 1185 519 1246 tenet
540 1180 622 1246 siout
644 1180 754 1260 tenuit,
777 1185 947 1263 postquam
970 1178 1093 1246 adulci
1107 1179 1194 1246 vatis
1209 1175 1351 1259 Paeligni
1369 1191 1415 1240 ore
1460 1205 1461 1218 ι

275 1280 377 1347 linxit.
429 1283 479 1346 lix
508 1282 569 1348 hoo
597 1282 694 1365 igitur
720 1280 844 1346 confido
867 1283 1081 1348 Romanorum
1110 1280 1292 1363 quicunque
1318 1281 1416 1361 postea

277 1381 427 1448 Callistus
449 1383 649 1478 meminerint
663 1384 811 1468 pendere,
828 1402 1010 1467 quanquam
1026 1404 1068 1450 ex
1081 1383 1162 1466 ipsis
1178 1382 1285 1448 verbis
1301 1380 1413 1445 demon·

277 1484 371 1550 strari
391 1485 425 1549 in
447 1484 557 1568 paucis
580 1491 703 1550 tantum
726 1489 840 1568 potest.
878 1487 961 1553 Nam
982 1490 1108 1570 praeter
1124 1504 1191 1569 eos,
1215 1503 1294 1566 quos
1309 1500 1363 1547 sua
1381 1496 1415 1542 cx

277 1586 504 1652 commentario
521 1583 681 1651 Ovidiano
705 1587 868 1672 accepisse
889 1588 997 1670 statui,
1020 1586 1165 1653 tabulam
1187 1583 1327 1651 narravit
1346 1595 1414 1645 unus

278 1686 422 1750 isidorus
443 1687 645 1772 Hispalensis
667 1687 699 1752 in
721 1689 860 1774 lltymol.
883 1691 987 1755 11135
1011 1690 1119 1768 etita,
1143 1693 1179 1755 ut
1202 1706 1296 1770 quem
1316 1699 1413 1762 sequa-

278 1797 328 1856 tur
350 1796 512 1856 auctorem
535 1798 700 1873 appareat,
722 1791 915 1874 significavit
937 1813 1016 1858 unus
1038 1789 1169 1858 Statius.

361 1891 452 1958 Illius
464 1892 564 1958 verba
576 1892 657 1957 haee
668 1901 742 1958 sunt
755 1894 788 1960 in
801 1893 927 1960 Ottonis
943 1894 1034 1959 edit:
1048 1888 1115 1959 ‘Sic
1128 1892 1261 1975 Oalisto,
1273 1881 1413 1972 Lycaonis

276 1994 361 2078 regis
382 1994 459 2077 filia,
483 1994 559 2061 dum
582 1994 624 2061 ab
646 1995 723 2061 Iove
745 2014 928 2080 compressa
950 2003 983 2061 et
1010 1994 1159 2062 fabulose
1182 2016 1203 2061 a
1226 1996 1369 2059 lunone
1387 1983 1413 2046 i11
1462 1973 1463 2042 l

276 2115 370 2161 ursae
392 2095 533 2180 speciem
562 2116 657 2166 versa
685 2097 812 2180 luisset,
842 2118 924 2180 quae
947 2098 1070 2164 Graece
1093 2089 1214 2180 ἄρκτος
1242 2089 1411 2178 appellatur,

276 2202 348 2280 post
370 2196 623 2262 interiectionem
646 2198 746 2282 ipsius
768 2221 885 2266 nomen
900 2199 969 2266 eius
983 2197 1070 2265 lovis
1090 2218 1164 2264 cum
1185 2197 1251 2262 filio
1272 2195 1304 2259 in
1325 2185 1412 2256 stellis

275 2297 576 2382 septentrionalibus
599 2301 775 2385 transtulit3
800 2321 935 2384 eamque
957 2304 1087 2383 Arcton,
1109 2298 1212 2367 filium
1234 2305 1335 2364 autem
1356 2289 1412 2357 eius
1463 2360 1464 2396 1

276 2399 497 2485 Arctophylax
514 2393 709 2486 appellavit.
1463 2399 1464 2414 ¹

361 2502 484 2570 Statius
499 2503 642 2570 tabulam
657 2505 798 2590 septiens
813 2506 933 2590 tetigit:
955 2504 1150 2618 enumerabo
1166 2506 1254 2572 locos
1269 2520 1308 2567 ex
1322 2509 1411 2561 rerum

274 2603 402 2671 ordine:

297 2705 398 2771 Theb.
414 2706 459 2771 IV
475 2710 535 2772 293
553 2743 879 2754 ------
903 2728 986 2790 quae
1008 2708 1132 2791 risistis,
1155 2710 1299 2784 Amores,

553 2792 1409 2894 gratapharetratoNonacriaruraTonanti·

405 2911 465 2978 Vll
478 2914 537 2976 162
554 2911 709 2990 [Bacchus
717 2932 787 2977 cum
796 2913 882 2995 love,
889 2912 975 2994 qnod
982 2912 1246 2979 Thebisinfestus
1252 2907 1302 2988 sit,
1310 2894 1409 2980 litigat

552 3050 593 3061 —
616 3049 658 3060 -
680 3049 722 3059 -
743 3051 786 3058 —
808 3015 866 3081 sed
888 3035 951 3079 non
973 3016 1121 3082 Danaeia
1143 3012 1254 3080 limina
1274 3003 1343 3073 talis

551 3116 895 3200 Parrhasiumque
931 3135 1085 3183 nemus
1117 3115 1324 3193 Ledaeasque
1356 3096 1407 3164 ibit

1058 3218 1222 3301 Amyclas.

352 3319 431 3385 Ach.
447 3320 535 3384 1263
552 3356 592 3366 —
615 3321 825 3402 virgineos
846 3319 874 3385 si
896 3319 1083 3403 Iuppiter
1103 3318 1239 3385 induit
1259 3316 1371 3378 artus.

296 3421 398 3485 Theb,
415 3420 459 3484 lV
475 3425 535 3484 304
551 3421 861 3505 illeLycaoniae
883 3423 964 3488 rictu
986 3429 1083 3505 eaput
1104 3424 1233 3505 asperat
1255 3427 1371 3481 ursae·

360 3522 419 3588 Vll
440 3527 537 3606 bsqq.
554 3524 708 3607 [luppiter
730 3524 921 3591 Mercurium
943 3523 1024 3589 affat
1010 3527 1071 3602 tur]

551 3624 572 3707 i,
595 3625 735 3692 medium
757 3626 870 3712 rapido
894 3626 1017 3692 Borean
1040 3626 1184 3692 inlabere
1206 3622 1287 3687 saltu

552 3725 722 3811 Bistonias,
743 3748 831 3813 puer,
855 3747 955 3811 usque
978 3728 1089 3795 domos
1112 3739 1269 3807 axemque
1289 3703 1383 3781 nivosi

552 3827 683 3914 sideris,
717 3850 870 3897 oceano
904 3830 990 3897 veti
998 3836 1078 3897 tum
1112 3848 1175 3912 qua
1206 3802 1405 3891 Parrhasis

1112 3933 1219 4016 ignem

549 4032 687 4100 nubibus
709 4032 851 4100 hibernis
874 4038 906 4098 et
928 4040 1035 4101 nostro
1056 4034 1196 4119 pasoitur
1217 4019 1315 4093 imbri·
