2988 4728
241 287 302 346 350
675 281 842 338 Reinholdus
860 281 949 336 Franz

241 462 329 526 fonte
352 456 395 524 ad
416 476 508 524 suum
530 474 623 521 usum
652 454 808 520 convertit
831 452 1003 536 Dionysius
1026 450 1280 536 Scytobrachion
1309 451 1402 535 apud

240 558 337 625 Diod.
349 557 411 624 Sic.
424 559 471 624 Ill
484 561 535 622 60.
560 555 683 623 uadem
698 554 827 621 tertium
841 553 979 638 legimus
991 553 1024 619 in
1034 552 1126 620 Arati
1137 551 1259 619 Phaen.
1272 555 1335 617 262
1348 571 1401 634 sq.

242 661 299 745 (=
320 657 470 744 Apollod.
491 657 575 724 Bibl.
597 658 646 724 III
667 655 824 739 10,1,1).
867 655 996 736 Ubique
1023 655 1145 722 variato
1174 653 1402 722 tantummodo

242 761 356 831 ordine
377 761 474 844 plane
498 758 612 826 eadem
628 757 839 842 proferuntur,
862 757 923 822 nisi
940 756 1026 838 quod
1047 748 1235 842 Ἀοτερόπη
1259 756 1403 841 plerum-

242 883 305 948 que
335 861 431 929 cessit
461 861 601 927 breviori
630 860 765 928 nominis
794 863 916 926 formae
942 879 1025 943 quae
1048 863 1097 924 est
1119 855 1283 944 Στερόπη.
1328 858 1405 924 Nec

241 970 349 1030 tamen
377 960 520 1029 defuisse
548 962 604 1045 qui
631 963 691 1028 has
713 963 774 1029 VII
802 963 914 1028 stellas
943 960 1036 1026 aliter
1057 959 1344 1042 interpretarentur
1367 966 1404 1025 et

243 1083 361 1147 genere
384 1069 417 1129 et
438 1063 620 1130 nominibus
643 1064 844 1132 commutatis
873 1062 1056 1147 exemplum
1079 1061 1174 1128 docet
1196 1059 1402 1144 Callimachi,

244 1166 333 1232 cuius
363 1171 542 1232 commenta
570 1165 745 1251 singularia
774 1163 985 1250 comperimus
1009 1183 1050 1229 ex
1071 1162 1171 1229 schol.
1194 1161 1238 1228 ad
1261 1161 1402 1230 Theocr.

242 1268 322 1334 XIII
337 1271 389 1333 25.
433 1267 485 1332 Illi
506 1266 603 1350 igitur
626 1267 680 1349 qui
710 1267 843 1334 carmini
864 1264 1027 1332 Hesiodeo
1056 1283 1119 1330 non
1148 1271 1269 1331 temere
1299 1264 1404 1330 tribu·
1485 1319 1486 1330 ,

243 1375 338 1434 untur
359 1386 480 1450 vorsus,
503 1388 575 1434 cum
597 1370 640 1434 ab
654 1370 786 1436 Atlante
807 1373 981 1454 prognatae
996 1364 1147 1432 Pleiadas
1163 1365 1326 1450 inducant,
1350 1367 1401 1434 fa-

241 1470 351 1536 bulam
372 1467 510 1534 reddunt
532 1476 700 1536 vetustam.

329 1569 391 1647 Qui
413 1568 552 1636 secundo
575 1570 661 1654 apud
676 1571 793 1638 Athen.
816 1570 888 1637 loco
910 1568 1043 1636 affertur
1057 1569 1235 1636 versiculus
1252 1569 1326 1651 (irg.
1346 1569 1403 1654 10)
1485 1561 1486 1641 i

546 1675 715 1757 χειμέριαι
738 1669 874 1737 δύνουσι
896 1668 1080 1746 Πελειάδες
1485 1651 1486 1694 i

243 1773 420 1840 illustratur
441 1771 492 1839 his
514 1772 648 1840 Hesiodi
671 1773 817 1840 versibus
841 1771 915 1858 (Op.
932 1772 1107 1855 619sqq.):

397 1857 466 1938 εὖτ’
493 1862 534 1938 δν
556 1873 728 1961 Πληιάδες
751 1877 874 1949 σθένος
896 1868 1036 1960 δβριμον
1054 1865 1235 1960 Ὠαρίωνος

397 1967 582 2061 φεύγουσαι
603 1981 779 2042 πίπτωσιν
803 1972 837 2051 ές
858 1971 1030 2062 ἠεροειδέα
1052 1973 1188 2055 πόντον,

397 2074 436 2163 δὴ
460 2075 537 2143 τότε
559 2083 732 2144 παντοίων
755 2069 886 2159 ἀνέμων
908 2074 1053 2141 θύουσιν
1076 2069 1177 2163 ἀῆται

244 2187 276 2247 et
298 2179 390 2261 quasi
411 2179 530 2244 fontem
558 2178 642 2244 unde
673 2177 837 2246 emanavit
865 2177 956 2243 illum
986 2177 1084 2245 habet
1110 2185 1253 2245 veterum
1275 2178 1402 2263 opinio-

242 2299 331 2364 nem,
362 2298 426 2362 qua
447 2278 660 2363 Vergiliarum
690 2299 807 2347 occasu
834 2279 991 2346 matutino
1019 2278 1130 2344 hiems·
1145 2279 1286 2364 incipere
1307 2285 1403 2364 puta·

245 2382 339 2450 batur
353 2380 406 2464 (of.
421 2381 513 2448 Arati
528 2381 649 2448 Phaen.
666 2385 738 2465 266,
761 2382 841 2448 Plin.
858 2381 966 2447 XVIII
981 2384 1032 2463 69,
1048 2379 1153 2464 alios).
1194 2379 1296 2447 Simul
1317 2385 1404 2466 peri-

244 2486 350 2552 culum
374 2484 521 2567 quamvis
543 2482 623 2549 rude
645 2504 684 2551 ac
704 2504 818 2568 parum
839 2501 1027 2569 prosperum
1046 2484 1166 2549 factum
1189 2501 1260 2550 esse
1283 2485 1403 2549 consti-

244 2585 364 2670 tuendi,
387 2586 473 2667 quod
495 2585 528 2650 in
551 2593 677 2670 tempus
700 2605 751 2653 res
774 2584 939 2667 incideret,
963 2583 1093 2649 ePlinii
1115 2583 1223 2649 verbis
1247 2583 1404 2650 discimus

243 2687 309 2752 his:
329 2681 490 2752 ‘occasum
512 2687 702 2752 matutinum
725 2686 940 2769 Vergiliarum
956 2685 1115 2752 Hesiodus
1137 2721 1180 2730 -
1202 2720 1244 2732 -
1265 2685 1403 2752 tradidit
1485 2723 1486 2766 p

244 2785 329 2870 lieri,
353 2807 425 2852 eum
447 2785 684 2869 aequinoctium
707 2788 851 2852 autumni
874 2778 1097 2855 conficeretur.²
1134 2786 1224 2853 Talis
1246 2787 1400 2872 temporis
1485 2795 1486 2862 l

244 2886 418 2955 deliniendi
441 2890 573 2953 conatus
595 2885 627 2951 in
651 2887 785 2954 Hesiodi
807 2887 867 2972 Op.
890 2888 1031 2954 nondum
1052 2889 1216 2973 reperitur.

329 2992 373 3056 At
395 2988 480 3072 quod
503 2987 590 3073 apud
610 2989 728 3056 Athen.
751 2990 894 3073 sequitur
916 2991 1085 3057 frustulum
1106 2989 1181 3075 (frg.
1199 2991 1252 3073 11)

526 3091 630 3176 τῆμος
653 3083 909 3179 ἀποκρύπτουσι
930 3090 1115 3168 Πελειάδες

244 3211 354 3259 rursus
377 3194 481 3259 lucem
505 3191 621 3276 accipit
644 3212 685 3257 ex
708 3193 840 3260 Hesiodi
864 3192 923 3278 Op.
941 3196 1002 3258 385
1014 3213 1061 3277 sq.

374 3293 410 3358 αἱ
433 3285 463 3358 δ’
489 3287 566 3377 ἤτοι
588 3291 706 3369 νύκτας
727 3317 764 3358 τε
786 3295 842 3360 καὶ
864 3291 976 3382 ἤματα
997 3293 1246 3382 τεσσαράκοντα

355 3392 586 3478 νεκρύφαται.
1485 3463 1486 3491 ρ

330 3495 398 3559 Iam
420 3513 496 3560 vero
520 3514 568 3578 ea,
592 3497 738 3577 quae‘de
755 3495 904 3582 vergiliis
927 3497 1023 3564 modo
1045 3500 1173 3583 prolata
1194 3505 1277 3582 sunt,
1299 3500 1399 3583 respi-
1485 3507 1486 3570 ξ

246 3594 340 3663 cienti
355 3615 394 3662 ac
408 3594 617 3679 perpendenti
633 3604 767 3682 apparet
783 3597 875 3665 huius
892 3598 1021 3680 quidem
1043 3600 1127 3685 signi
1150 3600 1399 3686 descriptionem

244 3697 291 3763 ita
305 3697 404 3764 luisse
420 3695 601 3780 deductam,
615 3703 660 3781 ut,
680 3704 850 3783 postquam
864 3700 1004 3784 fabulae,
1028 3720 1111 3783 quae
1126 3701 1167 3769 de
1182 3701 1285 3768 stellis
1300 3703 1401 3784 vulgo
1485 3703 1486 3786 ζ

244 3799 396 3881 ferretur,
421 3797 539 3864 mentio
560 3801 646 3867 facta
669 3806 770 3882 esset,
799 3801 945 3884 singulae
968 3820 1077 3868 earum
1098 3823 1158 3888 per
1179 3823 1300 3870 annum
1322 3825 1399 3872 con-

244 3898 387 3967 diciones
417 3899 642 3968 denotarentur
672 3901 792 3969 additis
821 3920 903 3984 quae
933 3922 1040 3970 secum
1070 3906 1189 3972 ferrent
1215 3903 1343 3973 indiciis
1367 3915 1401 3974 et
1485 3919 1486 3986 ζ

243 3999 440 4084 temporibus
462 4002 585 4070 ratione
609 4001 756 4086 quamvis
787 4003 973 4088 imperfecta
1003 4004 1257 4090 circumscriptis.
1303 4005 1401 4086 Quod
1485 3995 1486 4064 Ϊ
