2958 4734
186 1457 341 1558 Callistus
355 1491 378 1575 ¹)
401 1492 541 1558 fabulam
563 1499 699 1558 tractare
715 1493 841 1577 paranti
864 1514 905 1559 ex
924 1514 958 1559 rc
974 1493 1052 1560 mihi
1074 1494 1176 1560 visum
1200 1499 1248 1559 est

94 1596 249 1661 nonnulla
270 1594 417 1678 praefari,
440 1615 479 1660 ne
502 1594 571 1676 quis
593 1595 732 1678 ignoret,
755 1613 839 1676 quae
861 1595 1015 1662 materiae
1037 1596 1078 1661 sit
1094 1595 1247 1676 condicio,

95 1697 181 1780 quod
203 1697 391 1778 inquirentis
419 1697 512 1761 fuerit
540 1696 720 1778 consilium,
751 1695 804 1777 qui
833 1698 1029 1780 quaestionis
1056 1699 1179 1762 iuturus
1207 1697 1248 1761 sit

94 1798 172 1864 ordo
195 1805 291 1880 atque
314 1797 461 1864 ambitus.

180 1900 305 1966 Fabula
327 1899 414 1964 tenui
436 1898 479 1963 ad
500 1919 558 1964 nos
585 1901 731 1983 pervenit
759 1900 928 1982 memoria3
958 1918 1062 1981 neque
1091 1900 1125 1965 id
1154 1901 1247 1966 mira-

94 2003 188 2085 bitur,
212 2002 266 2086 qui
288 2001 483 2085 reputaverit
506 2002 664 2068 Arcadum
688 2024 757 2069 eam
786 2001 885 2067 fuisse
906 2002 1082 2086 propriam,
1111 2002 1248 2067 nationis

94 2109 259 2188 poetarum
289 2123 415 2186 semper
442 2103 574 2188 sterilis,
603 2123 623 2168 a
645 2103 804 2186 frequenti
833 2101 1036 2169 finitimorum
1059 2104 1247 2170 commercio

94 2205 193 2272 arduo
223 2205 374 2271 montium
404 2203 604 2272 circumiectu
632 2208 795 2288 exclusae,
825 2203 912 2288 apud
941 2205 1080 2286 reliquos
1109 2205 1248 2270 Graecos

94 2325 255 2388 nunquam
278 2313 333 2372 aut
355 2304 543 2372 auctoritate
565 2309 703 2391 potentis
725 2312 781 2372 aut
801 2305 943 2371 florentis
966 2306 1087 2372 notitia.
1132 2307 1248 2373 Verum

94 2410 127 2474 in
143 2409 287 2490 angustis
302 2405 553 2471 testimoniorum
567 2405 684 2470 linibus
701 2408 810 2488 maior,
833 2411 867 2469 ut
882 2425 986 2488 spero,
1009 2407 1248 2490 exspectatione

94 2508 293 2592 comparebit
314 2514 346 2572 et
368 2507 507 2572 varietas
521 2525 626 2571 rerum
643 2513 675 2572 et
688 2509 780 2573 favor
801 2508 956 2589 fortunae,
978 2511 1088 2590 utpote
1111 2527 1193 2590 quae
1208 2528 1248 2573 ex

94 2612 216 2694 ingenti
238 2610 414 2675 litterarum
437 2607 527 2674 ruina
550 2608 628 2674 satis
646 2610 747 2674 multa
768 2608 883 2690 reliqui
905 2609 1024 2692 fecerit,
1047 2609 1162 2692 quibus
1185 2610 1247 2674 col-

94 2713 186 2781 lectis
202 2711 364 2795 dispositis
379 2711 522 2777 excussis
538 2711 718 2777 etiamnunc
733 2710 834 2795 possit
855 2711 990 2776 fatorum
1013 2711 1249 2792 formarumque

94 2815 224 2881 fabulae
246 2813 426 2895 recuperari
447 2812 564 2895 imago,
588 2813 734 2894 quamvis
749 2812 802 2879 hic
819 2812 885 2878 illic
907 2813 1104 2898 imperfecta,
1126 2813 1159 2878 in
1180 2812 1248 2878 uni-

96 2937 223 2983 versum
245 2922 352 2980 tamen
367 2914 445 2981 satis
461 2932 622 2997 expressa.
659 2915 751 2980 Hanc
765 2912 879 2997 adhuc,
903 2914 990 2998 quod
1010 2914 1119 2994 sciam,
1142 2934 1249 2979 nemo-

96 3018 172 3083 dum
194 3023 363 3084 exsecutus
386 3023 453 3099 est,
475 3015 533 3082 sed
548 3016 601 3097 qui
624 3017 657 3082 in
671 3016 754 3082 hanc
770 3016 932 3098 regionem
949 3014 1116 3096 devenere,
1140 3033 1249 3081 eorum

184 3191 207 3251 l)
221 3176 349 3240 ‘calisto'
368 3183 504 3237 Romanos
523 3183 646 3237 omuibus
663 3183 845 3252 temporibus,
868 3195 1004 3250 nunquam
1017 3173 1162 3245 ‘Callisto'‚
1182 3181 1248 3236 seri-

95 3270 183 3339 psisse
195 3269 333 3324 Baehrens
345 3268 374 3322 in
385 3267 519 3323 Fleckeis.
532 3268 602 3321 Ann.
615 3271 680 3321 1883
693 3283 720 3336 p.
731 3271 778 3321 '187
793 3267 939 3321 contendit.
968 3266 1022 3320 Res
1036 3267 1075 3320 ita
1086 3279 1146 3321 sese
1157 3265 1248 3332 habet,

97 3361 129 3410 ut
146 3355 239 3424 optimi
257 3353 318 3408 libri
335 3354 363 3408 in
376 3353 519 3421 Propertio
532 3352 638 3420 (Neap.)
651 3351 745 3406 Ouidio
758 3351 906 3406 Columella
917 3351 1039 3406 charisio
1059 3352 1082 3416 (I
1100 3367 1127 3420 p.
1143 3355 1191 3404 127
1204 3351 1249 3417 K.)

97 3440 260 3509 scripturam
269 3431 407 3494 ‘Callisto'
420 3437 574 3500 exhibeant,
592 3437 679 3490 alters
691 3435 837 3492 deteriores
852 3436 1010 3506 plerumque
1022 3435 1128 3490 illorum
1141 3435 1249 3490 codices

97 3523 243 3588 obsederit,
260 3523 399 3577 sedetiam
417 3524 447 3577 in
459 3521 559 3576 catulli
576 3521 659 3575 tuerit
677 3522 831 3592 archetypo,
850 3526 878 3576 et
894 3527 988 3590 regnet
998 3521 1072 3590 apud
1085 3519 1250 3588 posteriores

96 3609 251 3678 (Hyginum,
269 3609 373 3664 scholia
391 3607 555 3676 Vergiliana,
574 3608 628 3672 all.
664 3607 731 3661 Inde
750 3623 830 3661 unam
854 3607 967 3663 formam
985 3605 1129 3674 legitimam
1147 3603 1247 3658 eonsti-

96 3698 174 3748 tuere
192 3709 246 3746 non
264 3693 306 3747 las
324 3698 374 3746 est.
411 3692 526 3747 Romani
543 3692 571 3746 in
590 3692 732 3748 scribendo
751 3691 878 3746 Callistus
898 3692 1005 3745 nomine
1022 3707 1076 3746 non
1094 3689 1179 3756 magis
1198 3687 1249 3742 sibi

98 3778 254 3834 constitisse
271 3779 395 3832 videntur
413 3793 493 3846 quam
511 3777 624 3844 Graeci3
648 3777 746 3832 etenim
769 3791 804 3831 ne
821 3777 894 3844 apud
916 3777 965 3830 hos
990 3775 1097 3844 quidem
1115 3768 1248 3829 Καλιστὼ

97 3862 252 3932 similesque
263 3863 365 3916 formas
384 3862 502 3917 defuisse
518 3861 709 3932 inscriptiones
728 3861 826 3917 docent
844 3861 888 3926 (ci.
902 3861 968 3916 Luc.
982 3859 1096 3914 Mueller
1114 3857 1149 3912 ad
1161 3857 1249 3912 Lucil.

96 3966 122 4018 p.
144 3952 193 4002 rto
209 3952 269 4015 sq).
305 3948 399 4016 Itaque
421 3947 480 4015 ipse
503 3950 565 4002 utar
588 3949 722 4018 scriptura
746 3947 867 4015 vulgata,
894 3945 922 4000 in
946 3944 1087 4000 reddendis
1109 3949 1250 3999 suetorum

97 4031 261 4088 testimoniis
279 4033 409 4102 optimum
428 4048 560 4102 quemque
578 4049 676 4104 sequar
693 4033 801 4088 librum.

1041 4114 1092 4168 16*
