2988 4728
17 2025 19 2070 l

16 2309 18 2332 l

482 415 525 470 De
542 415 669 471 Callistus
687 415 791 473 fabula.
1152 418 1213 477 307

63 589 189 673 accepit,
212 585 291 654 duos
314 588 383 671 ipse
406 586 540 653 addidit.
577 587 820 654 Aeallimacho
844 588 1012 670 quominus
1034 608 1106 654 cum
1128 595 1212 655 cata·

63 690 203 756 sterismo
218 689 314 755 simul
330 688 427 754 ctiam
441 690 573 756 fabulae
586 691 781 756 lineamenta
795 696 928 774 peteret,
943 689 1091 776 impediit
1106 711 1212 757 narra-

64 790 153 858 tionis
175 791 263 857 illius
285 788 444 857 condicio:
471 797 676 875 praematura
703 791 789 857 enim
811 789 961 858 Callistus
983 797 1084 859 morte
1112 793 1215 858 omnis

64 893 225 976 praeclusa
241 897 309 959 erat
324 892 471 976 facultas,
487 912 549 975 quo
565 894 694 959 tertium
708 910 836 979 quoque
851 893 976 975 signum
992 895 1215 977 explicaretur,

63 1013 127 1060 cum
149 999 252 1060 matre
274 995 370 1060 astris
391 993 554 1061 inserendi
576 993 644 1060 filii.
682 995 764 1060 Eam
786 995 857 1061 sola
878 997 1065 1080 praestabat
1080 993 1214 1062 Hesiodi

63 1097 207 1164 narratio.
251 1095 304 1162 Ad
333 1095 416 1162 hanc
444 1096 540 1178 igitur
570 1115 650 1180 opus
678 1100 755 1162 erat·
774 1095 895 1180 redir03
922 1117 981 1163 nec
1009 1103 1118 1164 tamen
1147 1101 1215 1162 tota

62 1203 181 1280 poterat
204 1198 342 1265 retineri.
387 1198 472 1264 Nam
494 1217 579 1281 quae
599 1197 760 1265 Hesiodus
782 1204 969 1265 narraverat
995 1197 1036 1265 de
1058 1198 1214 1264 Mercurio

63 1319 163 1366 ursam
187 1299 317 1382 quidem
338 1299 372 1364 in
395 1301 523 1384 Lycaeo
544 1306 713 1384 pascente,
740 1299 798 1368 sed
826 1299 981 1366 infantem
1002 1300 1036 1365 in
1058 1299 1216 1384 Cyllenen
1307 1349 1310 1356 ,

63 1403 163 1484 procul
190 1404 354 1469 auferente
376 1421 508 1468 necesse
529 1407 598 1468 erat
613 1401 825 1484 abicerentur,
847 1401 1007 1486 siquidem
1022 1419 1130 1467 ursam
1151 1419 1215 1466 una

64 1523 126 1570 cum
154 1505 224 1571 filio
250 1502 294 1570 ad
320 1510 409 1569 astra
437 1503 622 1588 pervenisse
654 1502 936 1571 demonstrandum
957 1506 1050 1570 'erat
1101 1504 1215 1584 Itaque

62 1612 147 1689 partu
169 1610 418 1674 commemorato
447 1610 558 1672 auctor
580 1605 757 1672 Hesiodum
779 1605 909 1687 reliquit
936 1611 969 1670 et
991 1604 1136 1671 scalam
1159 1624 1214 1670 an·

62 1710 165 1776 nexuit
189 1712 378 1775 commenta.
422 1707 513 1787 Quae
540 1713 576 1772 ut
604 1711 847 1788 pernoscantur,
877 1725 957 1790 opus
986 1715 1035 1774 est
1063 1705 1215 1772 disiectas

62 1809 127 1879 illas
143 1818 209 1877 tres
225 1808 489 1890 narratiunculas,
513 1824 592 1888 quas
608 1807 750 1890 singulas
765 1807 910 1892 inspecta
926 1807 1057 1874 Roberti
1074 1806 1214 1872 editione

63 1910 223 1979 commode
246 1909 304 1977 tibi
319 1908 425 1993 possis
440 1908 618 1992 restituere,
640 1907 673 1973 in
689 1928 785 1973 unam
802 1908 1004 1992 coniungere,
1028 1927 1110 1990 quae
1133 1907 1214 1973 haec

62 2013 122 2080 fere
144 2014 200 2080 sit:

145 2113 192 2200 A)
223 2113 421 2193 Callisto,
457 2132 540 2178 cum
568 2118 610 2176 ut
648 2111 735 2176 fera
766 2111 811 2177 in
842 2117 993 2178 monte
1022 2109 1214 2195 (Lycaeo)

62 2222 292 2303 vagaretur,
319 2219 439 2298 capta
461 2221 522 2280 est
543 2234 563 2279 a
586 2212 783 2297 capreriis
807 2213 1046 2296 quibusdam
1068 2218 1108 2278 et
1130 2232 1214 2279 cum

62 2335 196 2399 puero,
237 2317 301 2382 cui
334 2321 479 2400 postea
513 2313 664 2379 Arcadi
697 2335 838 2382 nomen
873 2321 973 2398 crat,
1009 2314 1215 2398 Lycaoni

63 2416 190 2502 (patri)
213 2415 408 2494 tradita2).
453 2415 491 2489 Β)
514 2414 588 2494 Qui
611 2434 694 2479 cum
720 2415 946 2496 aliquando
968 2415 1100 2480 Iovem
1122 2413 1213 2480 hos-

62 2521 150 2602 pitio
167 2516 420 2601 accepisset,
440 2509 718 2600 puerum‘cum
732 2515 818 2581 alia
832 2535 953 2582 carne
969 2507 1215 2598 concisum'b)

63 2619 190 2704 cipro
220 2617 353 2702 epulis
379 2617 582 2702 apposuit.
627 2618 676 2683 At
697 2617 882 2703 Iuppiter
910 2618 1049 2684 statim
1076 2637 1215 2685 mensa

63 2721 244 2802 proiecta
277 2719 432 2786 domum
467 2718 636 2786 fulmine
663 2717 880 2787 incendit
908 2726 951 2786 ct
984 2721 1214 2803 Lycaonem

62 2819 186 2904 ipsum
209 2822 250 2887 in
272 2820 793 2907 lupumconvertitmorum
809 2824 896 2890 eius
918 2821 1214 2888 immanitatem

62 2922 325 3005 abhorrens0l,
354 2930 395 2988 at
422 2943 587 3008 puerum
617 2924 805 2990 membris
834 2923 1027 2990 collectis
1055 2943 1214 3007 compo-

63 3023 232 3109 sitisque
254 3024 303 3090 ad
325 3022 637 3089 vitamreduxit
659 3031 698 3089 et
719 3024 908 3109 caprario
925 3022 1081 3088 cuidam
1097 3023 1214 3088 dedit

64 3123 321 3194 educandum.
362 3119 459 3202 ‘Qui
486 3121 729 3190 adolescens
757 3124 886 3190 factus
913 3124 953 3188 in
982 3121 1101 3189 silvis
1130 3141 1214 3188 cum

16 3281 17 3292 ,
63 3234 292 3308 venaretur,
321 3225 476 3291 inscius
503 3223 611 3291 vidit
633 3230 799 3291 matrem
828 3225 866 3289 in
888 3243 1006 3290 ursae
1033 3223 1213 3308 speciem

16 3331 17 3348 ¹
63 3345 307 3396 conversam.
351 3327 472 3408 Quam
499 3325 738 3393 interficere
765 3326 951 3409 cogitans
972 3334 1214 3411 persecutus

63 3428 177 3494 estin
199 3427 481 3512 IovisLycaei
503 3427 710 3512 templum,
734 3447 810 3510 quo
827 3427 1214 3510 eiquiaccessisset

62 3543 157 3596 mors
180 3548 312 3614 poena
332 3536 419 3596 erat
440 3529 640 3596 Arcadum
662 3528 769 3614 lege;
792 3530 934 3613 itaque
955 3549 1039 3596 cum
1061 3537 1213 3597 utrum-

63 3645 132 3709 que
160 3649 330 3697 necesse
358 3638 468 3698 esset
489 3621 729 3712 interfici'd)
760 3638 799 3696 et
827 3649 932 3698 mors
960 3630 1020 3699 eis
1048 3631 1126 3697 iam
1154 3631 1212 3697 ln·

65 3746 260 3762 Ἢ-

139 3815 174 3881 A)
193 3814 296 3869 (latam.
314 3813 328 3867 l
345 3831 372 3884 p.
391 3819 424 3869 52
443 3815 513 3870 Rob.

140 3904 167 3967 a)
185 3899 231 3956 Sic
247 3913 350 3954 omnes.
387 3897 477 3953 Unum
494 3902 606 3954 secutus
624 3901 722 3954 testem
738 3896 893 3953 nominabo.

16 4057 17 4070 .
138 3985 171 4051 Bt
189 3984 294 4040 catast.
303 3982 369 4039 Vlll
386 3998 414 4052 p.
433 3987 466 4037 '14
475 3983 544 4038 Rob.

430 4070 455 4133 c)
473 4065 547 4135 Epit.
565 4087 615 4138 της
633 4059 784 4139 ὠμότητος
801 4061 891 4124 αὐτὸν
908 4067 1074 4139 aecclisia
