2988 4728
259 291 325 352 344
700 293 867 350 Reinholdus
884 293 975 349 Franz

260 465 399 531 auctoris
415 463 469 547 qui
485 484 558 531 eam
574 463 740 532 confirmat
755 463 835 532 fides
850 463 1024 532 admodum
1039 463 1166 531 infirma
1178 470 1273 532 esset.
1307 464 1424 532 Adno-

259 566 339 632 tavit
362 566 445 632 enim
461 566 594 632 Tnetnes
616 566 658 631 ad
675 567 750 651 Lyo.
767 569 845 632 478:
863 559 986 652 Ἀρκὰς
1009 561 1026 632 ὃ
1050 564 1136 644 Διὸς
1157 555 1179 653 ἢ
1197 558 1426 630 Ἀπόλλω-

260 689 326 743 νος
348 679 441 742 παῖς.
486 667 633 735 Potuisse
655 668 837 751 Apollinem
866 671 899 735 in
926 669 1012 736 lovis
1037 670 1142 737 locum
1171 668 1279 736 subire
1311 676 1345 735 et
1376 671 1425 736 ab

259 769 320 836 hou
347 787 475 850 quoque
504 769 642 837 nationis
671 769 826 854 originem
856 772 956 857 repeti
984 771 1061 838 inde
1089 771 1210 855 effiuio,
1247 771 1351 854 quod,
1386 778 1427 839 ut

257 871 352 937 Paos.
376 870 452 935 VIII
474 871 524 952 38,
547 873 565 935 8
596 870 710 954 tradit,
743 874 777 939 in
805 873 934 958 Lyoaeo
963 879 1069 941 monte
1098 879 1168 940 erat
1197 865 1424 951 ’Λπόλλωνος
1482 930 1483 952 ,

260 968 349 1054 ἱερὸν
379 968 553 1058 ἐπίκλησιν
575 977 841 1058 Παρρασίου,
871 976 922 1043 oui
950 977 1050 1043 festos
1079 974 1148 1041 dies
1178 975 1423 1043 anniversarios

260 1072 407 1156 agebant.
460 1072 656 1158 Cognomine
685 1076 770 1143 enim
800 1076 879 1144 deus
913 1077 1018 1160 gentis
1047 1077 1238 1143 Parrhasiae
1267 1078 1423 1161 proprius
1482 1089 1483 1158 g

259 1175 410 1259 arguitur.
1105 1227 1108 1234 .

340 1279 385 1342 At
406 1277 577 1345 manifesto
599 1280 642 1347 ab
664 1280 810 1347 omnibus
839 1281 1021 1365 discrepant
1049 1300 1088 1346 ao
1116 1281 1212 1365 plane
1238 1280 1421 1363 singularia

257 1385 330 1447 sunt
351 1399 433 1462 quae
457 1379 498 1445 de
520 1379 646 1447 Arosde
668 1381 811 1465 prodidit
833 1385 941 1450 Durus
963 1382 1091 1449 Samius
1113 1382 1172 1466 frg.
1196 1386 1236 1446 26
1258 1382 1362 1465 (FHG
1387 1385 1421 1448 ΙΙ

258 1502 289 1565 p.
307 1479 392 1564 475).
429 1483 466 1546 ln
481 1481 604 1549 soholio
620 1484 704 1549 enim
719 1484 761 1548 ad
777 1485 881 1568 Apoll.
897 1485 957 1549 Rh.
972 1485 1017 1550 IV
1032 1488 1094 1549 264
1119 1484 1283 1552 doetrinae
1306 1486 1419 1568 pleno,

258 1603 331 1666 qno,
354 1604 410 1649 our
431 1582 574 1656 Aroades
596 1586 800 1651 antelunares
828 1585 904 1652 dieti
933 1587 1013 1670 sint,
1042 1606 1083 1652 ex
1114 1585 1312 1653 diversorum
1343 1607 1417 1653 sen-

259 1685 368 1751 tentiis
384 1684 562 1770 exponitur,
577 1692 651 1753 sunt
667 1687 764 1754 etiam
779 1689 875 1755 haee:
887 1680 1121 1774 Ἀριστοτέλης
1137 1686 1173 1752 δὲ
1188 1685 1223 1752 ἐν
1234 1688 1275 1772 τῇ
1291 1693 1419 1771 Τενεα-

143 1801 145 1806 ·
256 1788 323 1852 τῶν
343 1788 501 1875 πολιτείᾳ
524 1794 636 1876 φησίν,
659 1781 712 1855 δ’τι
734 1787 899 1875 βάρβαροι
914 1787 973 1874 τὴν
991 1782 1173 1877 Ἀρκαδίαν
1195 1782 1338 1875 ᾤκησαν,
1363 1789 1418 1854 o‘s'-

255 1913 343 1965 τινες
373 1888 602 1978 ἐξεβλήθησαν
630 1886 697 1956 ὑπὸ
724 1895 791 1956 ταῖν
813 1885 984 1976 Ἀρκάδων
1013 1891 1226 1976 ἐπιθεμένων
1256 1888 1323 1977 πρὸ
1354 1895 1418 1957 τοῦ

258 1989 425 2058 ἐπιτεῖλαι
436 1990 496 2078 τὴν
508 1990 655 2080 σελήνην,
672 1991 724 2059 διὸ
738 1991 1050 2083 κατωνομάσθησαν
1062 1995 1275 2083 προσέληνοι.
1305 1998 1338 2058 Δ
1345 1997 1393 2059 οὗ
1401 2031 1418 2042 -

257 2117 322 2177 ρις
353 2093 389 2158 δὲ
423 2092 456 2159 ἐν
486 2097 632 2180 πέμπτῳ
660 2098 717 2162 καὶ
746 2094 872 2182 δεκάτῳ
900 2099 967 2162 τῶν
996 2096 1237 2164 Μακεδονικῶν
1263 2089 1418 2180 Ἀρκάδα

259 2200 375 2282 φησίν,
395 2187 458 2281 ἀφ’
485 2187 523 2260 οὗ
545 2189 564 2280 ἡ
583 2189 746 2282 Ἀρκαδία
768 2199 928 2271 καλεῖται,
953 2191 1202 2285 Ὀρχομενοῦ
1226 2197 1334 2278 οἷόν,
1360 2199 1415 2264 διὸ

257 2298 313 2362 καὶ
336 2293 437 2363 πόλιν
459 2298 517 2384 τῆς
535 2289 716 2383 Ἀρκαδίας
734 2293 929 2387 Ὀρχομενόν
942 2300 975 2384 ¹).

798 2455 901 2564 sss

343 2622 474 2689 Callisto
490 2625 544 2705 qui
559 2625 734 2709 nympham
750 2625 940 2710 perhibuere
955 2661 997 2673 —
1013 2625 1171 2699 Eumelus,
1193 2625 1254 2692 nisi
1270 2627 1416 2692 fallimur

257 2723 310 2805 (of.
326 2743 423 2807 supra
436 2746 468 2810 p.
483 2729 545 2790 237
562 2746 588 2792 o.
604 2725 703 2809 adn),
719 2732 750 2792 et
765 2727 901 2793 fortasse
917 2727 1012 2794 etiam
1029 2726 1230 2811 Epimenides
1245 2726 1297 2811 (ol.
1313 2748 1415 2811 supra

257 2846 288 2910 p.
305 2829 380 2905 238)
404 2863 444 2874 —-
466 2827 721 2908 antiquissimam
745 2815 931 2894 memoriam
953 2828 1101 2896 videntur
1122 2829 1302 2895 retinuisse.

341 2928 407 2995 Sed
431 2936 676 2996 consentaneum
700 2933 748 2996 est
770 2950 842 2996 eam
864 2931 947 2996 inter
967 2931 1088 3015 primas
1109 2931 1142 2996 in
1160 2930 1410 3013 genealogorum

255 3049 368 3097 manus
390 3029 550 3115 incidisse,
583 3051 655 3098 oum
683 3031 821 3099 nationis
851 3053 1041 3117 eponymum
1070 3033 1235 3118 peperisse
1263 3032 1411 3099 ferretur.

254 3133 352 3195 Asius
380 3133 508 3214 quidem
543 3135 619 3215 quid
642 3135 856 3224 spectaverit,
892 3154 963 3201 oum
998 3142 1121 3220 patrem
1151 3134 1219 3202 eins
1248 3135 1410 3218 Nyoteum

255 3234 392 3318 dioeret,
422 3235 511 3302 ouius
533 3257 648 3304 nomen
676 3256 781 3320 neque
808 3237 842 3305 in
870 3237 986 3304 fabulis
1015 3256 1119 3319 neque
1147 3238 1181 3303 in
1209 3237 1410 3321 genealogiis

254 3337 415 3403 Aroadum
438 3338 516 3405 alibi
537 3338 706 3421 invenitur,
729 3344 815 3405 oerto
831 3336 1007 3406 diiudicare
1028 3337 1160 3405 difficile
1175 3343 1233 3421 est,
1256 3339 1409 3418 quoniam

255 3437 403 3505 dubitare
426 3439 515 3523 lioet,
538 3447 643 3508 utrum
664 3440 751 3508 illius
772 3461 888 3508 nomen
910 3441 980 3527 ipse
1008 3439 1167 3507 invenerit
1199 3459 1240 3506 an
1269 3439 1409 3523 prisoam

253 3539 395 3623 aliquam
418 3542 602 3607 memoriam
623 3539 809 3625 reddiderit,
831 3543 864 3609 in
886 3561 951 3624 qua
966 3544 1121 3618 Νυκτέως
1135 3560 1250 3609 nomen
1272 3541 1410 3608 fortasse

254 3644 442 3711 cohaereret
457 3662 527 3710 oum
544 3643 679 3727 pristina
693 3645 843 3710 Callistus
858 3651 983 3728 natura,
1005 3644 1039 3710 id
1054 3644 1141 3727 quod
1161 3644 1291 3710 fabulae
1313 3643 1407 3709 inter-

253 3748 335 3832 preti
358 3745 603 3830 expendendum
626 3747 831 3814 committam.
874 3747 918 3813 At
941 3745 1076 3810 Hesiodi
1102 3746 1184 3813 ratio
1213 3752 1326 3828 aperta
1349 3755 1408 3812 ost.

340 3970 364 4034 1)
374 3967 513 4035 Quomodo
523 3964 575 4019 ista
583 3965 739 4034 genealogis
747 3967 841 4034 posset
849 3965 986 4034 explicari,
997 3963 1180 4019 coniecturam
1189 3961 1256 4018 isoit
1265 3963 1295 4018 Ο.
1306 3963 1408 4018 Molles

252 4051 282 4105 in
299 4051 372 4107 ΒΗΘ
391 4052 418 4106 11
435 4069 462 4120 p.
477 4054 534 4107 133.
