<?xml version="1.0" encoding="UTF-8"?>
<!DOCTYPE html PUBLIC "-//W3C//DTD XHTML 1.0 Transitional//EN"
    "http://www.w3.org/TR/xhtml1/DTD/xhtml1-transitional.dtd">
<html xmlns="http://www.w3.org/1999/xhtml" xml:lang="en" lang="en">
 <head>
  <title>
</title>
<meta http-equiv="Content-Type" content="text/html;charset=utf-8" />
  <meta name='ocr-system' content='tesseract 3.04.00' />
  <meta name='ocr-capabilities' content='ocr_page ocr_carea ocr_par ocr_line ocrx_word'/>
</head>
<body>
  <div class='ocr_page' id='page_1' title='image "./decallistusfabu00frangoog_0034.png"; bbox 0 0 2958 4734; ppageno 0'>
   <div class='ocr_carea' id='block_1_1' title="bbox 520 306 1248 367">
    <p class='ocr_par' dir='ltr' id='par_1_1' title="bbox 520 306 1248 367">
     <span class='ocr_line' id='line_1_1' title="bbox 520 306 1248 367; baseline 0.01 -7"><span class='ocrx_word' id='word_1_1' title='bbox 520 306 562 360; x_wconf 91' lang='lat' dir='ltr'><strong>De</strong></span> <span class='ocrx_word' id='word_1_2' title='bbox 581 306 709 363; x_wconf 86' lang='lat' dir='ltr'><strong>callistus</strong></span> <span class='ocrx_word' id='word_1_3' title='bbox 726 307 828 362; x_wconf 86' lang='lat' dir='ltr'><strong>fabula.</strong></span> <span class='ocrx_word' id='word_1_4' title='bbox 1186 308 1248 367; x_wconf 83' lang='lat'><strong>259</strong></span> 
     </span>
    </p>
   </div>
   <div class='ocr_carea' id='block_1_2' title="bbox 85 477 1252 2400">
    <p class='ocr_par' dir='ltr' id='par_1_2' title="bbox 85 477 1252 1684">
     <span class='ocr_line' id='line_1_2' title="bbox 89 477 1250 564; baseline -0.002 -18"><span class='ocrx_word' id='word_1_5' title='bbox 89 481 182 546; x_wconf 80' lang='lat' dir='ltr'><strong>Erat.</strong></span> <span class='ocrx_word' id='word_1_6' title='bbox 200 478 320 546; x_wconf 79' lang='lat' dir='ltr'><strong>(latest.</strong></span> <span class='ocrx_word' id='word_1_7' title='bbox 332 478 388 545; x_wconf 92' lang='lat' dir='ltr'><strong>rel.</strong></span> <span class='ocrx_word' id='word_1_8' title='bbox 401 499 431 563; x_wconf 92' lang='lat' dir='ltr'><strong>p.</strong></span> <span class='ocrx_word' id='word_1_9' title='bbox 446 483 485 543; x_wconf 89' lang='lat'><strong>50</strong></span> <span class='ocrx_word' id='word_1_10' title='bbox 497 497 544 562; x_wconf 91' lang='lat' dir='ltr'><strong>sq.</strong></span> <span class='ocrx_word' id='word_1_11' title='bbox 578 478 668 558; x_wconf 80' lang='lat' dir='ltr'><strong>Quae</strong></span> <span class='ocrx_word' id='word_1_12' title='bbox 683 477 709 546; x_wconf 86' lang='lat' dir='ltr'><strong>si</strong></span> <span class='ocrx_word' id='word_1_13' title='bbox 724 499 790 545; x_wconf 91' lang='lat' dir='ltr'><strong>una</strong></span> <span class='ocrx_word' id='word_1_14' title='bbox 804 481 986 546; x_wconf 82' lang='lat' dir='ltr'>narratione</span> <span class='ocrx_word' id='word_1_15' title='bbox 1003 478 1250 564; x_wconf 84' lang='lat' dir='ltr'><strong>complectimur,</strong></span> 
     </span>
     <span class='ocr_line' id='line_1_3' title="bbox 88 579 1250 666; baseline -0.001 -18"><span class='ocrx_word' id='word_1_16' title='bbox 88 583 149 648; x_wconf 91' lang='lat' dir='ltr'><strong>ille</strong></span> <span class='ocrx_word' id='word_1_17' title='bbox 166 581 405 648; x_wconf 84' lang='lat' dir='ltr'><strong>comoediarum</strong></span> <span class='ocrx_word' id='word_1_18' title='bbox 426 579 560 664; x_wconf 85' lang='lat' dir='ltr'><strong>scriptor</strong></span> <span class='ocrx_word' id='word_1_19' title='bbox 574 581 718 648; x_wconf 81' lang='lat' dir='ltr'><strong>Platonis</strong></span> <span class='ocrx_word' id='word_1_20' title='bbox 732 579 755 664; x_wconf 87' lang='lat'><strong>¹)</strong></span> <span class='ocrx_word' id='word_1_21' title='bbox 777 582 922 664; x_wconf 88' lang='lat' dir='ltr'><strong>aequalis</strong></span> <span class='ocrx_word' id='word_1_22' title='bbox 945 601 1011 646; x_wconf 93' lang='lat' dir='ltr'><strong>rem</strong></span> <span class='ocrx_word' id='word_1_23' title='bbox 1027 580 1074 647; x_wconf 91' lang='lat' dir='ltr'><strong>sic</strong></span> <span class='ocrx_word' id='word_1_24' title='bbox 1089 580 1250 666; x_wconf 81' lang='lat' dir='ltr'><strong>exposuit:</strong></span> 
     </span>
     <span class='ocr_line' id='line_1_4' title="bbox 86 682 1249 768; baseline -0.001 -19"><span class='ocrx_word' id='word_1_25' title='bbox 86 685 232 749; x_wconf 84' lang='lat' dir='ltr'><strong>Iovem</strong></span> <span class='ocrx_word' id='word_1_26' title='bbox 261 683 417 750; x_wconf 89' lang='lat' dir='ltr'><strong>Dianae</strong></span> <span class='ocrx_word' id='word_1_27' title='bbox 446 683 676 768; x_wconf 90' lang='lat' dir='ltr'><strong>simulatum</strong></span> <span class='ocrx_word' id='word_1_28' title='bbox 705 682 755 749; x_wconf 93' lang='lat' dir='ltr'><strong>ad</strong></span> <span class='ocrx_word' id='word_1_29' title='bbox 777 682 952 750; x_wconf 73' lang='lat' dir='ltr'><strong>Callisto</strong></span> <span class='ocrx_word' id='word_1_30' title='bbox 981 703 1065 750; x_wconf 90' lang='lat' dir='ltr'><strong>cum</strong></span> <span class='ocrx_word' id='word_1_31' title='bbox 1093 683 1249 749; x_wconf 87' lang='lat' dir='ltr'><strong>comiti-</strong></span> 
     </span>
     <span class='ocr_line' id='line_1_5' title="bbox 88 783 1250 870; baseline 0 -20"><span class='ocrx_word' id='word_1_32' title='bbox 88 786 167 852; x_wconf 91' lang='lat' dir='ltr'><strong>hus</strong></span> <span class='ocrx_word' id='word_1_33' title='bbox 191 790 404 852; x_wconf 86' lang='lat' dir='ltr'><strong>venantem</strong></span> <span class='ocrx_word' id='word_1_34' title='bbox 427 804 468 851; x_wconf 93' lang='lat' dir='ltr'><strong>se</strong></span> <span class='ocrx_word' id='word_1_35' title='bbox 490 783 785 870; x_wconf 87' lang='lat' dir='ltr'><strong>applicavisse,</strong></span> <span class='ocrx_word' id='word_1_36' title='bbox 814 792 1006 867; x_wconf 90' lang='lat' dir='ltr'><strong>tanquam</strong></span> <span class='ocrx_word' id='word_1_37' title='bbox 1036 805 1119 851; x_wconf 90' lang='lat' dir='ltr'><strong>eam</strong></span> <span class='ocrx_word' id='word_1_38' title='bbox 1141 791 1250 852; x_wconf 87' lang='lat' dir='ltr'><strong>esset</strong></span> 
     </span>
     <span class='ocr_line' id='line_1_6' title="bbox 86 885 1249 972; baseline 0 -19"><span class='ocrx_word' id='word_1_39' title='bbox 86 885 326 969; x_wconf 91' lang='lat' dir='ltr'><strong>adiuturus,</strong></span> <span class='ocrx_word' id='word_1_40' title='bbox 348 886 418 955; x_wconf 90' lang='lat' dir='ltr'><strong>sed</strong></span> <span class='ocrx_word' id='word_1_41' title='bbox 441 908 462 953; x_wconf 98' lang='lat' dir='ltr'><strong>a</strong></span> <span class='ocrx_word' id='word_1_42' title='bbox 484 892 708 953; x_wconf 89' lang='lat' dir='ltr'><strong>ceterarum</strong></span> <span class='ocrx_word' id='word_1_43' title='bbox 729 893 954 972; x_wconf 87' lang='lat' dir='ltr'><strong>conspectu</strong></span> <span class='ocrx_word' id='word_1_44' title='bbox 975 892 1147 954; x_wconf 90' lang='lat' dir='ltr'><strong>amotam</strong></span> <span class='ocrx_word' id='word_1_45' title='bbox 1169 886 1249 953; x_wconf 88' lang='lat' dir='ltr'><strong>vir-</strong></span> 
     </span>
     <span class='ocr_line' id='line_1_7' title="bbox 85 986 1250 1075; baseline 0.003 -23"><span class='ocrx_word' id='word_1_46' title='bbox 85 989 232 1074; x_wconf 84' lang='lat' dir='ltr'><strong>ginem</strong></span> <span class='ocrx_word' id='word_1_47' title='bbox 255 987 557 1073; x_wconf 89' lang='lat' dir='ltr'><strong>compressisse.</strong></span> <span class='ocrx_word' id='word_1_48' title='bbox 595 986 1250 1075; x_wconf 87' lang='lat' dir='ltr'><strong>Spatiooertoperactoeompar-</strong></span> 
     </span>
     <span class='ocr_line' id='line_1_8' title="bbox 86 1089 1251 1177; baseline -0.001 -21"><span class='ocrx_word' id='word_1_49' title='bbox 86 1098 158 1156; x_wconf 89' lang='lat' dir='ltr'><strong>tus</strong></span> <span class='ocrx_word' id='word_1_50' title='bbox 193 1090 230 1156; x_wconf 92' lang='lat' dir='ltr'><strong>ei</strong></span> <span class='ocrx_word' id='word_1_51' title='bbox 262 1091 454 1172; x_wconf 87' lang='lat' dir='ltr'><strong>instaret,</strong></span> <span class='ocrx_word' id='word_1_52' title='bbox 486 1110 507 1155; x_wconf 98' lang='lat' dir='ltr'><strong>a</strong></span> <span class='ocrx_word' id='word_1_53' title='bbox 535 1089 665 1156; x_wconf 89' lang='lat' dir='ltr'><strong>Diana</strong></span> <span class='ocrx_word' id='word_1_54' title='bbox 696 1091 1006 1177; x_wconf 84' lang='lat' dir='ltr'><strong>interrogatam,</strong></span> <span class='ocrx_word' id='word_1_55' title='bbox 1039 1090 1135 1174; x_wconf 89' lang='lat' dir='ltr'><strong>quid</strong></span> <span class='ocrx_word' id='word_1_56' title='bbox 1168 1091 1251 1157; x_wconf 91' lang='lat' dir='ltr'><strong>sibi</strong></span> 
     </span>
     <span class='ocr_line' id='line_1_9' title="bbox 86 1190 1249 1277; baseline 0.002 -19"><span class='ocrx_word' id='word_1_57' title='bbox 86 1190 337 1275; x_wconf 86' lang='lat' dir='ltr'><strong>accidisset,</strong></span> <span class='ocrx_word' id='word_1_58' title='bbox 367 1198 408 1258; x_wconf 90' lang='lat' dir='ltr'><strong>ut</strong></span> <span class='ocrx_word' id='word_1_59' title='bbox 436 1199 512 1257; x_wconf 89' lang='lat' dir='ltr'><strong>tam</strong></span> <span class='ocrx_word' id='word_1_60' title='bbox 541 1191 684 1276; x_wconf 90' lang='lat' dir='ltr'><strong>grandi</strong></span> <span class='ocrx_word' id='word_1_61' title='bbox 710 1199 824 1259; x_wconf 89' lang='lat' dir='ltr'><strong>utero</strong></span> <span class='ocrx_word' id='word_1_62' title='bbox 845 1192 1079 1277; x_wconf 75' lang='lat' dir='ltr'><strong>rideretur,</strong></span> <span class='ocrx_word' id='word_1_63' title='bbox 1108 1213 1156 1258; x_wconf 83' lang='lat' dir='ltr'><strong>ex</strong></span> <span class='ocrx_word' id='word_1_64' title='bbox 1184 1215 1249 1260; x_wconf 88' lang='lat' dir='ltr'><strong>ne-</strong></span> 
     </span>
     <span class='ocr_line' id='line_1_10' title="bbox 86 1292 1251 1380; baseline 0.001 -19"><span class='ocrx_word' id='word_1_65' title='bbox 86 1292 294 1361; x_wconf 85' lang='lat' dir='ltr'><strong>cessitate</strong></span> <span class='ocrx_word' id='word_1_66' title='bbox 327 1293 504 1377; x_wconf 91' lang='lat' dir='ltr'><strong>tandem,</strong></span> <span class='ocrx_word' id='word_1_67' title='bbox 538 1292 605 1360; x_wconf 92' lang='lat' dir='ltr'><strong>diu</strong></span> <span class='ocrx_word' id='word_1_68' title='bbox 639 1298 884 1379; x_wconf 86' lang='lat' dir='ltr'><strong>cunctatam,</strong></span> <span class='ocrx_word' id='word_1_69' title='bbox 917 1294 1000 1380; x_wconf 89' lang='lat' dir='ltr'><strong>ipsi</strong></span> <span class='ocrx_word' id='word_1_70' title='bbox 1033 1315 1116 1361; x_wconf 91' lang='lat' dir='ltr'><strong>eam</strong></span> <span class='ocrx_word' id='word_1_71' title='bbox 1149 1296 1251 1362; x_wconf 89' lang='lat' dir='ltr'><strong>deae</strong></span> 
     </span>
     <span class='ocr_line' id='line_1_11' title="bbox 87 1395 1252 1482; baseline -0.001 -19"><span class='ocrx_word' id='word_1_72' title='bbox 87 1397 255 1482; x_wconf 90' lang='lat' dir='ltr'><strong>culpam</strong></span> <span class='ocrx_word' id='word_1_73' title='bbox 284 1395 543 1480; x_wconf 87' lang='lat' dir='ltr'><strong>attribuisse,</strong></span> <span class='ocrx_word' id='word_1_74' title='bbox 578 1395 766 1478; x_wconf 89' lang='lat' dir='ltr'><strong>quoniam</strong></span> <span class='ocrx_word' id='word_1_75' title='bbox 798 1398 847 1463; x_wconf 93' lang='lat' dir='ltr'><strong>ab</strong></span> <span class='ocrx_word' id='word_1_76' title='bbox 880 1397 957 1462; x_wconf 95' lang='lat' dir='ltr'><strong>illa</strong></span> <span class='ocrx_word' id='word_1_77' title='bbox 989 1416 1112 1481; x_wconf 88' lang='lat' dir='ltr'><strong>passa</strong></span> <span class='ocrx_word' id='word_1_78' title='bbox 1140 1403 1252 1465; x_wconf 87' lang='lat' dir='ltr'><strong>esset</strong></span> 
     </span>
     <span class='ocr_line' id='line_1_12' title="bbox 86 1497 1251 1584; baseline 0.002 -19"><span class='ocrx_word' id='word_1_79' title='bbox 86 1499 181 1566; x_wconf 85' lang='lat' dir='ltr'><strong>vim.</strong></span> <span class='ocrx_word' id='word_1_80' title='bbox 227 1499 276 1564; x_wconf 91' lang='lat' dir='ltr'><strong>At</strong></span> <span class='ocrx_word' id='word_1_81' title='bbox 297 1497 414 1564; x_wconf 90' lang='lat' dir='ltr'><strong>illam</strong></span> <span class='ocrx_word' id='word_1_82' title='bbox 442 1502 557 1564; x_wconf 89' lang='lat' dir='ltr'><strong>tanta</strong></span> <span class='ocrx_word' id='word_1_83' title='bbox 585 1504 775 1580; x_wconf 89' lang='lat' dir='ltr'><strong>quantam</strong></span> <span class='ocrx_word' id='word_1_84' title='bbox 802 1503 967 1584; x_wconf 88' lang='lat' dir='ltr'><strong>putaret</strong></span> <span class='ocrx_word' id='word_1_85' title='bbox 995 1497 1251 1583; x_wconf 78' lang='lat' dir='ltr'><strong>impudentia</strong></span> 
     </span>
     <span class='ocr_line' id='line_1_13' title="bbox 86 1599 890 1684; baseline 0.005 -19"><span class='ocrx_word' id='word_1_86' title='bbox 86 1601 240 1666; x_wconf 89' lang='lat' dir='ltr'><strong>iratam</strong></span> <span class='ocrx_word' id='word_1_87' title='bbox 262 1599 301 1664; x_wconf 88' lang='lat' dir='ltr'><strong>in</strong></span> <span class='ocrx_word' id='word_1_88' title='bbox 324 1620 457 1667; x_wconf 91' lang='lat' dir='ltr'><strong>ursam</strong></span> <span class='ocrx_word' id='word_1_89' title='bbox 479 1620 562 1666; x_wconf 89' lang='lat' dir='ltr'><strong>eam</strong></span> <span class='ocrx_word' id='word_1_90' title='bbox 585 1601 890 1684; x_wconf 65' lang='lat' dir='ltr'><strong>convertissell.</strong></span> 
     </span>
    </p>

    <p class='ocr_par' dir='ltr' id='par_1_3' title="bbox 88 1703 1252 2400">
     <span class='ocr_line' id='line_1_14' title="bbox 179 1703 1251 1787; baseline 0.004 -21"><span class='ocrx_word' id='word_1_91' title='bbox 179 1703 216 1767; x_wconf 88' lang='lat' dir='ltr'><strong>lu</strong></span> <span class='ocrx_word' id='word_1_92' title='bbox 239 1709 387 1787; x_wconf 88' lang='lat' dir='ltr'><strong>promptu</strong></span> <span class='ocrx_word' id='word_1_93' title='bbox 403 1707 461 1785; x_wconf 93' lang='lat' dir='ltr'><strong>est,</strong></span> <span class='ocrx_word' id='word_1_94' title='bbox 485 1721 581 1784; x_wconf 93' lang='lat' dir='ltr'><strong>quam</strong></span> <span class='ocrx_word' id='word_1_95' title='bbox 595 1703 724 1786; x_wconf 88' lang='lat' dir='ltr'><strong>plenum</strong></span> <span class='ocrx_word' id='word_1_96' title='bbox 739 1703 834 1770; x_wconf 89' lang='lat' dir='ltr'><strong>fuerit</strong></span> <span class='ocrx_word' id='word_1_97' title='bbox 848 1705 914 1771; x_wconf 90' lang='lat' dir='ltr'><strong>tale</strong></span> <span class='ocrx_word' id='word_1_98' title='bbox 928 1705 1147 1787; x_wconf 88' lang='lat' dir='ltr'><strong>spectaculum</strong></span> <span class='ocrx_word' id='word_1_99' title='bbox 1169 1705 1251 1771; x_wconf 88' lang='lat' dir='ltr'><strong>risus</strong></span> 
     </span>
     <span class='ocr_line' id='line_1_15' title="bbox 90 1799 1252 1890; baseline 0.001 -20"><span class='ocrx_word' id='word_1_100' title='bbox 90 1799 242 1889; x_wconf 82' lang='lat' dir='ltr'><strong>iociquc,</strong></span> <span class='ocrx_word' id='word_1_101' title='bbox 271 1825 310 1870; x_wconf 91' lang='lat' dir='ltr'><strong>ac</strong></span> <span class='ocrx_word' id='word_1_102' title='bbox 331 1805 387 1870; x_wconf 88' lang='lat' dir='ltr'><strong>vix</strong></span> <span class='ocrx_word' id='word_1_103' title='bbox 409 1805 484 1872; x_wconf 90' lang='lat' dir='ltr'><strong>licet</strong></span> <span class='ocrx_word' id='word_1_104' title='bbox 506 1803 669 1888; x_wconf 88' lang='lat' dir='ltr'><strong>dubitare,</strong></span> <span class='ocrx_word' id='word_1_105' title='bbox 698 1804 775 1887; x_wconf 87' lang='lat' dir='ltr'><strong>quin</strong></span> <span class='ocrx_word' id='word_1_106' title='bbox 797 1805 959 1890; x_wconf 89' lang='lat' dir='ltr'><strong>fraudem,</strong></span> <span class='ocrx_word' id='word_1_107' title='bbox 988 1826 1052 1889; x_wconf 89' lang='lat' dir='ltr'><strong>qua</strong></span> <span class='ocrx_word' id='word_1_108' title='bbox 1073 1807 1183 1874; x_wconf 89' lang='lat' dir='ltr'><strong>Iovem</strong></span> <span class='ocrx_word' id='word_1_109' title='bbox 1206 1807 1252 1872; x_wconf 92' lang='lat' dir='ltr'><strong>uti</strong></span> 
     </span>
     <span class='ocr_line' id='line_1_16' title="bbox 88 1905 1250 1992; baseline -0.001 -19"><span class='ocrx_word' id='word_1_110' title='bbox 88 1906 258 1988; x_wconf 83' lang='lat' dir='ltr'><strong>videmus,</strong></span> <span class='ocrx_word' id='word_1_111' title='bbox 287 1911 384 1990; x_wconf 88' lang='lat' dir='ltr'><strong>poeta</strong></span> <span class='ocrx_word' id='word_1_112' title='bbox 412 1905 552 1972; x_wconf 88' lang='lat' dir='ltr'><strong>comicus</strong></span> <span class='ocrx_word' id='word_1_113' title='bbox 581 1926 599 1972; x_wconf 94' lang='lat' dir='ltr'><strong>e</strong></span> <span class='ocrx_word' id='word_1_114' title='bbox 627 1924 684 1971; x_wconf 89' lang='lat' dir='ltr'><strong>suo</strong></span> <span class='ocrx_word' id='word_1_115' title='bbox 713 1905 874 1974; x_wconf 86' lang='lat' dir='ltr'><strong>addiderit</strong></span> <span class='ocrx_word' id='word_1_116' title='bbox 896 1908 1041 1992; x_wconf 87' lang='lat' dir='ltr'><strong>ingenio,</strong></span> <span class='ocrx_word' id='word_1_117' title='bbox 1070 1916 1105 1975; x_wconf 91' lang='lat' dir='ltr'><strong>ut</strong></span> <span class='ocrx_word' id='word_1_118' title='bbox 1132 1908 1250 1975; x_wconf 90' lang='lat' dir='ltr'><strong>nodum</strong></span> 
     </span>
     <span class='ocr_line' id='line_1_17' title="bbox 88 2007 1249 2090; baseline 0 -14"><span class='ocrx_word' id='word_1_119' title='bbox 88 2008 227 2076; x_wconf 84' lang='lat' dir='ltr'><strong>fabulae</strong></span> <span class='ocrx_word' id='word_1_120' title='bbox 248 2013 398 2076; x_wconf 86' lang='lat' dir='ltr'><strong>necteret.</strong></span> <span class='ocrx_word' id='word_1_121' title='bbox 436 2008 554 2090; x_wconf 90' lang='lat' dir='ltr'><strong>Utique</strong></span> <span class='ocrx_word' id='word_1_122' title='bbox 569 2007 797 2076; x_wconf 81' lang='lat' dir='ltr'><strong>Eratosthenes</strong></span> <span class='ocrx_word' id='word_1_123' title='bbox 820 2009 914 2077; x_wconf 89' lang='lat' dir='ltr'><strong>buius</strong></span> <span class='ocrx_word' id='word_1_124' title='bbox 928 2010 1121 2078; x_wconf 87' lang='lat' dir='ltr'><strong>narrationis</strong></span> <span class='ocrx_word' id='word_1_125' title='bbox 1143 2016 1249 2076; x_wconf 90' lang='lat' dir='ltr'><strong>aucto-</strong></span> 
     </span>
     <span class='ocr_line' id='line_1_18' title="bbox 88 2110 1248 2196; baseline 0.001 -18"><span class='ocrx_word' id='word_1_126' title='bbox 88 2131 162 2178; x_wconf 91' lang='lat' dir='ltr'><strong>rem</strong></span> <span class='ocrx_word' id='word_1_127' title='bbox 185 2114 292 2177; x_wconf 90' lang='lat' dir='ltr'><strong>aetate</strong></span> <span class='ocrx_word' id='word_1_128' title='bbox 317 2111 375 2178; x_wconf 92' lang='lat' dir='ltr'><strong>illo</strong></span> <span class='ocrx_word' id='word_1_129' title='bbox 404 2110 598 2196; x_wconf 91' lang='lat' dir='ltr'><strong>superiorem</strong></span> <span class='ocrx_word' id='word_1_130' title='bbox 627 2132 690 2179; x_wconf 91' lang='lat' dir='ltr'><strong>non</strong></span> <span class='ocrx_word' id='word_1_131' title='bbox 718 2112 839 2178; x_wconf 90' lang='lat' dir='ltr'><strong>habuit.</strong></span> <span class='ocrx_word' id='word_1_132' title='bbox 884 2113 978 2194; x_wconf 81' lang='lat' dir='ltr'><strong>Quod</strong></span> <span class='ocrx_word' id='word_1_133' title='bbox 1000 2132 1076 2180; x_wconf 89' lang='lat' dir='ltr'><strong>vero</strong></span> <span class='ocrx_word' id='word_1_134' title='bbox 1098 2112 1248 2194; x_wconf 82' lang='lat' dir='ltr'><strong>gravissi-</strong></span> 
     </span>
     <span class='ocr_line' id='line_1_19' title="bbox 88 2212 1250 2301; baseline 0 -21"><span class='ocrx_word' id='word_1_135' title='bbox 88 2234 182 2280; x_wconf 90' lang='lat' dir='ltr'><strong>mum</strong></span> <span class='ocrx_word' id='word_1_136' title='bbox 205 2219 269 2296; x_wconf 88' lang='lat' dir='ltr'><strong>est,</strong></span> <span class='ocrx_word' id='word_1_137' title='bbox 299 2234 320 2278; x_wconf 89' lang='lat' dir='ltr'><strong>a</strong></span> <span class='ocrx_word' id='word_1_138' title='bbox 341 2212 513 2280; x_wconf 83' lang='lat' dir='ltr'><strong>severitate</strong></span> <span class='ocrx_word' id='word_1_139' title='bbox 541 2213 731 2298; x_wconf 89' lang='lat' dir='ltr'><strong>antiquioris</strong></span> <span class='ocrx_word' id='word_1_140' title='bbox 758 2215 832 2282; x_wconf 89' lang='lat' dir='ltr'><strong>aevi</strong></span> <span class='ocrx_word' id='word_1_141' title='bbox 856 2215 937 2282; x_wconf 88' lang='lat' dir='ltr'><strong>haee</strong></span> <span class='ocrx_word' id='word_1_142' title='bbox 966 2216 1095 2301; x_wconf 89' lang='lat' dir='ltr'><strong>quidem</strong></span> <span class='ocrx_word' id='word_1_143' title='bbox 1119 2214 1250 2281; x_wconf 92' lang='lat' dir='ltr'><strong>deorum</strong></span> 
     </span>
     <span class='ocr_line' id='line_1_20' title="bbox 91 2314 1251 2400; baseline -0.001 -18"><span class='ocrx_word' id='word_1_144' title='bbox 91 2315 243 2382; x_wconf 89' lang='lat' dir='ltr'><strong>tractatio</strong></span> <span class='ocrx_word' id='word_1_145' title='bbox 260 2314 420 2400; x_wconf 86' lang='lat' dir='ltr'><strong>abhorret,</strong></span> <span class='ocrx_word' id='word_1_146' title='bbox 436 2315 558 2382; x_wconf 93' lang='lat' dir='ltr'><strong>comico</strong></span> <span class='ocrx_word' id='word_1_147' title='bbox 574 2315 732 2382; x_wconf 88' lang='lat' dir='ltr'><strong>convenit.</strong></span> <span class='ocrx_word' id='word_1_148' title='bbox 765 2315 859 2397; x_wconf 79' lang='lat' dir='ltr'><strong>Quod</strong></span> <span class='ocrx_word' id='word_1_149' title='bbox 871 2318 900 2382; x_wconf 89' lang='lat' dir='ltr'><strong>si</strong></span> <span class='ocrx_word' id='word_1_150' title='bbox 911 2318 972 2384; x_wconf 90' lang='lat' dir='ltr'><strong>hoo</strong></span> <span class='ocrx_word' id='word_1_151' title='bbox 987 2318 1251 2399; x_wconf 89' lang='lat' dir='ltr'><strong>additamentum,</strong></span> 
     </span>
    </p>
   </div>
   <div class='ocr_carea' id='block_1_3' title="bbox 90 2417 1253 2808">
    <p class='ocr_par' dir='ltr' id='par_1_4' title="bbox 90 2417 1253 2808">
     <span class='ocr_line' id='line_1_21' title="bbox 90 2417 1252 2504; baseline -0.001 -19"><span class='ocrx_word' id='word_1_152' title='bbox 90 2437 160 2500; x_wconf 92' lang='lat' dir='ltr'><strong>quo</strong></span> <span class='ocrx_word' id='word_1_153' title='bbox 182 2417 369 2484; x_wconf 83' lang='lat' dir='ltr'><strong>fabulamis</strong></span> <span class='ocrx_word' id='word_1_154' title='bbox 391 2417 446 2501; x_wconf 91' lang='lat' dir='ltr'><strong>qui</strong></span> <span class='ocrx_word' id='word_1_155' title='bbox 464 2417 507 2483; x_wconf 90' lang='lat' dir='ltr'><strong>ad</strong></span> <span class='ocrx_word' id='word_1_156' title='bbox 528 2418 627 2483; x_wconf 90' lang='lat' dir='ltr'><strong>risum</strong></span> <span class='ocrx_word' id='word_1_157' title='bbox 649 2437 700 2484; x_wconf 92' lang='lat' dir='ltr'><strong>res</strong></span> <span class='ocrx_word' id='word_1_158' title='bbox 716 2417 900 2485; x_wconf 89' lang='lat' dir='ltr'><strong>deflecteret</strong></span> <span class='ocrx_word' id='word_1_159' title='bbox 920 2427 1018 2503; x_wconf 85' lang='lat' dir='ltr'><strong>poeta</strong></span> <span class='ocrx_word' id='word_1_160' title='bbox 1039 2419 1138 2499; x_wconf 84' lang='lat' dir='ltr'><strong>auxit,</strong></span> <span class='ocrx_word' id='word_1_161' title='bbox 1160 2439 1252 2504; x_wconf 88' lang='lat' dir='ltr'><strong>sepa·</strong></span> 
     </span>
     <span class='ocr_line' id='line_1_22' title="bbox 90 2518 1253 2605; baseline 0 -19"><span class='ocrx_word' id='word_1_162' title='bbox 90 2518 254 2603; x_wconf 85' lang='lat' dir='ltr'><strong>ravimus,</strong></span> <span class='ocrx_word' id='word_1_163' title='bbox 277 2539 359 2602; x_wconf 87' lang='lat' dir='ltr'><strong>quae</strong></span> <span class='ocrx_word' id='word_1_164' title='bbox 381 2519 477 2603; x_wconf 88' lang='lat' dir='ltr'><strong>fonti,</strong></span> <span class='ocrx_word' id='word_1_165' title='bbox 501 2518 586 2585; x_wconf 93' lang='lat' dir='ltr'><strong>unde</strong></span> <span class='ocrx_word' id='word_1_166' title='bbox 608 2518 664 2586; x_wconf 94' lang='lat' dir='ltr'><strong>ille</strong></span> <span class='ocrx_word' id='word_1_167' title='bbox 687 2539 745 2586; x_wconf 93' lang='lat' dir='ltr'><strong>sua</strong></span> <span class='ocrx_word' id='word_1_168' title='bbox 767 2519 883 2601; x_wconf 91' lang='lat' dir='ltr'><strong>bausit,</strong></span> <span class='ocrx_word' id='word_1_169' title='bbox 905 2520 1108 2605; x_wconf 81' lang='lat' dir='ltr'><strong>assignentur</strong></span> <span class='ocrx_word' id='word_1_170' title='bbox 1129 2526 1253 2586; x_wconf 90' lang='lat' dir='ltr'><strong>restant</strong></span> 
     </span>
     <span class='ocr_line' id='line_1_23' title="bbox 90 2619 1252 2708; baseline -0.003 -18"><span class='ocrx_word' id='word_1_171' title='bbox 90 2624 192 2690; x_wconf 89' lang='lat' dir='ltr'><strong>baec:</strong></span> <span class='ocrx_word' id='word_1_172' title='bbox 215 2619 409 2704; x_wconf 83' lang='lat' dir='ltr'><strong>(lallisto,</strong></span> <span class='ocrx_word' id='word_1_173' title='bbox 436 2642 513 2688; x_wconf 92' lang='lat' dir='ltr'><strong>una</strong></span> <span class='ocrx_word' id='word_1_174' title='bbox 534 2640 582 2688; x_wconf 86' lang='lat' dir='ltr'><strong>ex</strong></span> <span class='ocrx_word' id='word_1_175' title='bbox 604 2621 760 2688; x_wconf 90' lang='lat' dir='ltr'><strong>Dianae</strong></span> <span class='ocrx_word' id='word_1_176' title='bbox 789 2621 1025 2708; x_wconf 88' lang='lat' dir='ltr'><strong>comitibus,</strong></span> <span class='ocrx_word' id='word_1_177' title='bbox 1055 2622 1144 2689; x_wconf 93' lang='lat' dir='ltr'><strong>dum</strong></span> <span class='ocrx_word' id='word_1_178' title='bbox 1166 2641 1252 2688; x_wconf 94' lang='lat' dir='ltr'><strong>cum</strong></span> 
     </span>
     <span class='ocr_line' id='line_1_24' title="bbox 91 2723 1252 2808; baseline -0.002 -16"><span class='ocrx_word' id='word_1_179' title='bbox 91 2724 215 2792; x_wconf 90' lang='lat' dir='ltr'><strong>turba</strong></span> <span class='ocrx_word' id='word_1_180' title='bbox 235 2724 471 2807; x_wconf 88' lang='lat' dir='ltr'><strong>aequalium</strong></span> <span class='ocrx_word' id='word_1_181' title='bbox 499 2730 687 2808; x_wconf 87' lang='lat' dir='ltr'><strong>venatur,</strong></span> <span class='ocrx_word' id='word_1_182' title='bbox 715 2723 828 2790; x_wconf 88' lang='lat' dir='ltr'><strong>Iovis</strong></span> <span class='ocrx_word' id='word_1_183' title='bbox 853 2724 1048 2792; x_wconf 90' lang='lat' dir='ltr'><strong>accendit</strong></span> <span class='ocrx_word' id='word_1_184' title='bbox 1077 2745 1252 2792; x_wconf 89' lang='lat' dir='ltr'><strong>amorem</strong></span> 
     </span>
    </p>
   </div>
   <div class='ocr_carea' id='block_1_4' title="bbox 90 2925 1252 3338">
    <p class='ocr_par' dir='ltr' id='par_1_5' title="bbox 90 2925 1252 3338">
     <span class='ocr_line' id='line_1_25' title="bbox 90 2925 1252 2998; baseline 0 -16"><span class='ocrx_word' id='word_1_185' title='bbox 90 2927 163 2998; x_wconf 89' lang='lat' dir='ltr'><strong>quin</strong></span> <span class='ocrx_word' id='word_1_186' title='bbox 185 2943 241 2982; x_wconf 90' lang='lat' dir='ltr'><strong>nou</strong></span> <span class='ocrx_word' id='word_1_187' title='bbox 265 2927 300 2982; x_wconf 87' lang='lat' dir='ltr'><strong>ad</strong></span> <span class='ocrx_word' id='word_1_188' title='bbox 316 2926 474 2996; x_wconf 84' lang='lat' dir='ltr'><strong>mythicam,</strong></span> <span class='ocrx_word' id='word_1_189' title='bbox 497 2927 545 2982; x_wconf 86' lang='lat' dir='ltr'><strong>sed</strong></span> <span class='ocrx_word' id='word_1_190' title='bbox 566 2927 601 2981; x_wconf 90' lang='lat' dir='ltr'><strong>ad</strong></span> <span class='ocrx_word' id='word_1_191' title='bbox 618 2925 738 2981; x_wconf 83' lang='lat' dir='ltr'><strong>Atticam</strong></span> <span class='ocrx_word' id='word_1_192' title='bbox 759 2926 920 2997; x_wconf 88' lang='lat' dir='ltr'><strong>pertinuerit</strong></span> <span class='ocrx_word' id='word_1_193' title='bbox 936 2928 1062 2993; x_wconf 81' lang='lat' dir='ltr'><strong>callisto,</strong></span> <span class='ocrx_word' id='word_1_194' title='bbox 1084 2928 1252 2982; x_wconf 89' lang='lat' dir='ltr'><strong>meretricem</strong></span> 
     </span>
     <span class='ocr_line' id='line_1_26' title="bbox 91 3011 1252 3083; baseline -0.002 -15"><span class='ocrx_word' id='word_1_195' title='bbox 91 3013 203 3068; x_wconf 84' lang='lat' dir='ltr'><strong>Socrati</strong></span> <span class='ocrx_word' id='word_1_196' title='bbox 212 3013 353 3082; x_wconf 88' lang='lat' dir='ltr'><strong>aequalem</strong></span> <span class='ocrx_word' id='word_1_197' title='bbox 364 3011 408 3077; x_wconf 88' lang='lat' dir='ltr'><strong>(cf.</strong></span> <span class='ocrx_word' id='word_1_198' title='bbox 415 3011 474 3067; x_wconf 84' lang='lat' dir='ltr'><strong>Ael.</strong></span> <span class='ocrx_word' id='word_1_199' title='bbox 482 3012 515 3067; x_wconf 85' lang='lat' dir='ltr'><strong>V.</strong></span> <span class='ocrx_word' id='word_1_200' title='bbox 523 3011 557 3066; x_wconf 88' lang='grc' dir='ltr'><strong>Η.</strong></span> <span class='ocrx_word' id='word_1_201' title='bbox 568 3011 634 3065; x_wconf 88' lang='lat' dir='ltr'><strong>Xlll</strong></span> <span class='ocrx_word' id='word_1_202' title='bbox 642 3015 693 3077; x_wconf 79' lang='grc'><strong>31).</strong></span> <span class='ocrx_word' id='word_1_203' title='bbox 711 3011 737 3066; x_wconf 87' lang='lat' dir='ltr'>N</span> <span class='ocrx_word' id='word_1_204' title='bbox 738 3027 782 3065; x_wconf 88' lang='lat' dir='ltr'><strong>am</strong></span> <span class='ocrx_word' id='word_1_205' title='bbox 791 3026 861 3080; x_wconf 88' lang='lat' dir='ltr'><strong>quae</strong></span> <span class='ocrx_word' id='word_1_206' title='bbox 869 3016 1016 3067; x_wconf 88' lang='lat' dir='ltr'><strong>narrantur</strong></span> <span class='ocrx_word' id='word_1_207' title='bbox 1027 3013 1101 3083; x_wconf 92' lang='lat' dir='ltr'><strong>apud</strong></span> <span class='ocrx_word' id='word_1_208' title='bbox 1106 3012 1252 3066; x_wconf 89' lang='lat' dir='ltr'><strong>Athen.lX</strong></span> 
     </span>
     <span class='ocr_line' id='line_1_27' title="bbox 92 3091 1252 3171; baseline -0.003 -17"><span class='ocrx_word' id='word_1_209' title='bbox 92 3105 215 3168; x_wconf 78' lang='lat' dir='ltr'><strong>3990sq.</strong></span> <span class='ocrx_word' id='word_1_210' title='bbox 256 3093 456 3170; x_wconf 81' lang='grc' dir='ltr'><strong><em>Ναυσικράτης</em></strong></span> <span class='ocrx_word' id='word_1_211' title='bbox 477 3091 506 3153; x_wconf 63' lang='grc' dir='ltr'><strong>δ)</strong></span> <span class='ocrx_word' id='word_1_212' title='bbox 526 3092 542 3154; x_wconf 83' lang='grc' dir='ltr'>ὁ</span> <span class='ocrx_word' id='word_1_213' title='bbox 561 3091 769 3171; x_wconf 77' lang='grc' dir='ltr'><em>κωμῳδοποιὸς</em></span> <span class='ocrx_word' id='word_1_214' title='bbox 798 3094 830 3152; x_wconf 78' lang='grc' dir='ltr'><strong>ἐν</strong></span> <span class='ocrx_word' id='word_1_215' title='bbox 853 3095 968 3167; x_wconf 79' lang='grc' dir='ltr'><em>Περσίδι</em></span> <span class='ocrx_word' id='word_1_216' title='bbox 993 3098 1134 3161; x_wconf 81' lang='grc' dir='ltr'><strong><em>σπανίως,</em></strong></span> <span class='ocrx_word' id='word_1_217' title='bbox 1158 3095 1252 3167; x_wconf 80' lang='grc' dir='ltr'><strong><em>φησίν,</em></strong></span> 
     </span>
     <span class='ocr_line' id='line_1_28' title="bbox 92 3173 1252 3256; baseline -0.006 -13"><span class='ocrx_word' id='word_1_218' title='bbox 92 3181 175 3243; x_wconf 80' lang='grc' dir='ltr'><strong><em>ἔστιν</em></strong></span> <span class='ocrx_word' id='word_1_219' title='bbox 192 3179 286 3256; x_wconf 77' lang='grc' dir='ltr'><strong><em>εὑρεῖν</em></strong></span> <span class='ocrx_word' id='word_1_220' title='bbox 303 3178 449 3240; x_wconf 81' lang='grc' dir='ltr'><strong><em>δασύποδα</em></strong></span> <span class='ocrx_word' id='word_1_221' title='bbox 467 3186 533 3254; x_wconf 84' lang='grc' dir='ltr'><strong><em>περὶ</em></strong></span> <span class='ocrx_word' id='word_1_222' title='bbox 555 3178 607 3255; x_wconf 78' lang='grc' dir='ltr'><strong>τὴν</strong></span> <span class='ocrx_word' id='word_1_223' title='bbox 629 3176 765 3253; x_wconf 76' lang='grc' dir='ltr'><strong><em>Ἀττικήν·</em></strong></span> <span class='ocrx_word' id='word_1_224' title='bbox 783 3211 817 3221; x_wconf 92' lang='grc'><strong>-</strong></span> <span class='ocrx_word' id='word_1_225' title='bbox 834 3211 868 3218; x_wconf 89' lang='grc'>-</span> <span class='ocrx_word' id='word_1_226' title='bbox 885 3211 918 3219; x_wconf 92' lang='lat'><em>-</em></span> <span class='ocrx_word' id='word_1_227' title='bbox 936 3174 1063 3246; x_wconf 74' lang='grc' dir='ltr'><strong><em>Ἀλκαῖος</em></strong></span> <span class='ocrx_word' id='word_1_228' title='bbox 1081 3173 1109 3237; x_wconf 84' lang='grc' dir='ltr'><strong>δ’</strong></span> <span class='ocrx_word' id='word_1_229' title='bbox 1127 3177 1159 3237; x_wconf 79' lang='grc' dir='ltr'><strong>ἐν</strong></span> <span class='ocrx_word' id='word_1_230' title='bbox 1177 3183 1252 3236; x_wconf 80' lang='grc' dir='ltr'><strong><em>Καλ-</em></strong></span> 
     </span>
     <span class='ocr_line' id='line_1_29' title="bbox 92 3261 1088 3338; baseline -0.008 -12"><span class='ocrx_word' id='word_1_231' title='bbox 92 3275 190 3328; x_wconf 63' lang='grc' dir='ltr'><strong><em>λιστοῖ</em></strong></span> <span class='ocrx_word' id='word_1_232' title='bbox 206 3273 255 3327; x_wconf 80' lang='grc' dir='ltr'><strong>καὶ</strong></span> <span class='ocrx_word' id='word_1_233' title='bbox 273 3263 313 3335; x_wconf 78' lang='grc' dir='ltr'><strong>ὡς</strong></span> <span class='ocrx_word' id='word_1_234' title='bbox 331 3272 447 3325; x_wconf 79' lang='grc' dir='ltr'><em>πολλῶν</em></span> <span class='ocrx_word' id='word_1_235' title='bbox 466 3263 560 3325; x_wconf 82' lang='grc' dir='ltr'><strong><em>ὄντων</em></strong></span> <span class='ocrx_word' id='word_1_236' title='bbox 576 3265 725 3338; x_wconf 80' lang='grc' dir='ltr'><strong><em>ἐμφανίζει</em></strong></span> <span class='ocrx_word' id='word_1_237' title='bbox 743 3261 787 3324; x_wconf 82' lang='grc' dir='ltr'><strong>διὰ</strong></span> <span class='ocrx_word' id='word_1_238' title='bbox 807 3262 918 3323; x_wconf 82' lang='grc' dir='ltr'><strong><em>τούτων</em></strong></span> <span class='ocrx_word' id='word_1_239' title='bbox 935 3265 1088 3333; x_wconf 81' lang='grc' dir='ltr'><strong>(1759Κ,)·</strong></span> 
     </span>
    </p>
   </div>
   <div class='ocr_carea' id='block_1_5' title="bbox 269 3359 1082 3530">
    <p class='ocr_par' dir='ltr' id='par_1_6' title="bbox 269 3359 1082 3530">
     <span class='ocr_line' id='line_1_30' title="bbox 269 3359 1082 3445; baseline -0.011 -16"><span class='ocrx_word' id='word_1_240' title='bbox 269 3370 435 3445; x_wconf 82' lang='grc' dir='ltr'><strong><em>Κορίαννον</em></strong></span> <span class='ocrx_word' id='word_1_241' title='bbox 450 3367 498 3426; x_wconf 72' lang='grc' dir='ltr'><strong>ἵνα</strong></span> <span class='ocrx_word' id='word_1_242' title='bbox 516 3369 544 3427; x_wconf 85' lang='grc' dir='ltr'><strong>τί</strong></span> <span class='ocrx_word' id='word_1_243' title='bbox 561 3367 683 3438; x_wconf 56' lang='lat' dir='ltr'><strong>tractim</strong></span> <span class='ocrx_word' id='word_1_244' title='bbox 709 3373 740 3426; x_wconf 89' lang='lat' dir='ltr'><strong>B.</strong></span> <span class='ocrx_word' id='word_1_245' title='bbox 756 3364 804 3426; x_wconf 79' lang='lat' dir='ltr'><strong>‘lvo</strong></span> <span class='ocrx_word' id='word_1_246' title='bbox 822 3363 890 3434; x_wconf 84' lang='grc' dir='ltr'><strong><em>τοὺς</em></strong></span> <span class='ocrx_word' id='word_1_247' title='bbox 907 3359 1082 3435; x_wconf 71' lang='grc' dir='ltr'><strong><em>δασύποδας.</em></strong></span> 
     </span>
     <span class='ocr_line' id='line_1_31' title="bbox 269 3449 888 3530; baseline -0.003 -17"><span class='ocrx_word' id='word_1_248' title='bbox 269 3449 318 3522; x_wconf 75' lang='grc' dir='ltr'><strong>οὓς</strong></span> <span class='ocrx_word' id='word_1_249' title='bbox 335 3451 372 3514; x_wconf 71' lang='grc' dir='ltr'><strong>δν</strong></span> <span class='ocrx_word' id='word_1_250' title='bbox 389 3452 525 3530; x_wconf 80' lang='grc' dir='ltr'><strong><em>λάβωμεν</em></strong></span> <span class='ocrx_word' id='word_1_251' title='bbox 542 3451 607 3512; x_wconf 80' lang='grc' dir='ltr'><strong><em>ἁλσὶ</em></strong></span> <span class='ocrx_word' id='word_1_252' title='bbox 625 3449 789 3512; x_wconf 79' lang='grc' dir='ltr'><strong><em>διαπάττειν</em></strong></span> <span class='ocrx_word' id='word_1_253' title='bbox 806 3450 888 3526; x_wconf 58' lang='grc' dir='ltr'><em>ἔχῃς,</em></span> 
     </span>
    </p>
   </div>
   <div class='ocr_carea' id='block_1_6' title="bbox 92 3557 1253 4140">
    <p class='ocr_par' dir='ltr' id='par_1_7' title="bbox 92 3557 1253 3885">
     <span class='ocr_line' id='line_1_32' title="bbox 93 3557 1253 3630; baseline -0.004 -16"><span class='ocrx_word' id='word_1_254' title='bbox 93 3575 129 3614; x_wconf 86' lang='lat' dir='ltr'><strong>ex</strong></span> <span class='ocrx_word' id='word_1_255' title='bbox 148 3559 191 3615; x_wconf 90' lang='lat' dir='ltr'><strong>his</strong></span> <span class='ocrx_word' id='word_1_256' title='bbox 209 3564 324 3630; x_wconf 87' lang='lat' dir='ltr'><strong>apparet</strong></span> <span class='ocrx_word' id='word_1_257' title='bbox 341 3574 467 3615; x_wconf 88' lang='lat' dir='ltr'><strong>scaenam</strong></span> <span class='ocrx_word' id='word_1_258' title='bbox 490 3558 576 3615; x_wconf 85' lang='lat' dir='ltr'><strong>luisse</strong></span> <span class='ocrx_word' id='word_1_259' title='bbox 596 3559 626 3613; x_wconf 89' lang='lat' dir='ltr'><strong>in</strong></span> <span class='ocrx_word' id='word_1_260' title='bbox 642 3558 744 3613; x_wconf 84' lang='lat' dir='ltr'><strong>Attica.</strong></span> <span class='ocrx_word' id='word_1_261' title='bbox 763 3589 796 3598; x_wconf 96' lang='lat'><em>-</em></span> <span class='ocrx_word' id='word_1_262' title='bbox 815 3558 940 3617; x_wconf 77' lang='lat' dir='ltr'><strong>cenerum</strong></span> <span class='ocrx_word' id='word_1_263' title='bbox 958 3557 1086 3614; x_wconf 80' lang='lat' dir='ltr'><strong>Callistus</strong></span> <span class='ocrx_word' id='word_1_264' title='bbox 1104 3571 1201 3612; x_wconf 90' lang='lat' dir='ltr'><strong>nomen</strong></span> <span class='ocrx_word' id='word_1_265' title='bbox 1225 3557 1253 3610; x_wconf 89' lang='lat' dir='ltr'><strong>in</strong></span> 
     </span>
     <span class='ocr_line' id='line_1_33' title="bbox 92 3642 1253 3714; baseline -0.003 -15"><span class='ocrx_word' id='word_1_266' title='bbox 92 3643 190 3700; x_wconf 82' lang='lat' dir='ltr'><strong>Attica</strong></span> <span class='ocrx_word' id='word_1_267' title='bbox 206 3644 351 3700; x_wconf 86' lang='lat' dir='ltr'><strong>admodum</strong></span> <span class='ocrx_word' id='word_1_268' title='bbox 368 3644 495 3714; x_wconf 83' lang='lat' dir='ltr'><strong>frequens</strong></span> <span class='ocrx_word' id='word_1_269' title='bbox 512 3643 617 3699; x_wconf 85' lang='lat' dir='ltr'><strong>ridetur</strong></span> <span class='ocrx_word' id='word_1_270' title='bbox 637 3642 738 3712; x_wconf 77' lang='lat' dir='ltr'><strong>fuisse3</strong></span> <span class='ocrx_word' id='word_1_271' title='bbox 759 3658 823 3698; x_wconf 89' lang='lat' dir='ltr'><strong>nam</strong></span> <span class='ocrx_word' id='word_1_272' title='bbox 845 3647 887 3697; x_wconf 86' lang='lat' dir='ltr'><strong>ter</strong></span> <span class='ocrx_word' id='word_1_273' title='bbox 909 3643 980 3699; x_wconf 90' lang='lat' dir='ltr'><strong>redit</strong></span> <span class='ocrx_word' id='word_1_274' title='bbox 1002 3643 1031 3697; x_wconf 86' lang='lat' dir='ltr'><strong>in</strong></span> <span class='ocrx_word' id='word_1_275' title='bbox 1055 3643 1253 3713; x_wconf 81' lang='lat' dir='ltr'><strong>epigrammatis</strong></span> 
     </span>
     <span class='ocr_line' id='line_1_34' title="bbox 94 3727 1253 3800; baseline -0.003 -16"><span class='ocrx_word' id='word_1_276' title='bbox 94 3729 171 3800; x_wconf 83' lang='lat' dir='ltr'><strong>apud</strong></span> <span class='ocrx_word' id='word_1_277' title='bbox 195 3729 350 3785; x_wconf 84' lang='lat' dir='ltr'><strong>Kaibelium</strong></span> <span class='ocrx_word' id='word_1_278' title='bbox 373 3729 479 3800; x_wconf 81' lang='lat' dir='ltr'><strong>(Epigr.</strong></span> <span class='ocrx_word' id='word_1_279' title='bbox 504 3729 551 3784; x_wconf 81' lang='lat' dir='ltr'><strong>(ir.</strong></span> <span class='ocrx_word' id='word_1_280' title='bbox 569 3734 611 3786; x_wconf 81' lang='grc'><strong>56.</strong></span> <span class='ocrx_word' id='word_1_281' title='bbox 630 3733 671 3794; x_wconf 83' lang='grc'><strong>82,</strong></span> <span class='ocrx_word' id='word_1_282' title='bbox 688 3734 713 3785; x_wconf 89' lang='lat'><strong>3.</strong></span> <span class='ocrx_word' id='word_1_283' title='bbox 741 3732 802 3796; x_wconf 82' lang='grc'><strong>151,</strong></span> <span class='ocrx_word' id='word_1_284' title='bbox 820 3731 846 3794; x_wconf 80' lang='lat'><strong>2)</strong></span> <span class='ocrx_word' id='word_1_285' title='bbox 870 3733 897 3783; x_wconf 90' lang='lat' dir='ltr'><strong>et</strong></span> <span class='ocrx_word' id='word_1_286' title='bbox 919 3728 961 3783; x_wconf 92' lang='lat' dir='ltr'><strong>bis</strong></span> <span class='ocrx_word' id='word_1_287' title='bbox 985 3728 1059 3798; x_wconf 88' lang='lat' dir='ltr'><strong>apud</strong></span> <span class='ocrx_word' id='word_1_288' title='bbox 1082 3727 1253 3796; x_wconf 79' lang='lat' dir='ltr'><strong>Toepffcrum</strong></span> 
     </span>
     <span class='ocr_line' id='line_1_35' title="bbox 95 3814 610 3885; baseline 0.002 -17"><span class='ocrx_word' id='word_1_289' title='bbox 95 3814 255 3884; x_wconf 80' lang='lat' dir='ltr'><strong>tGenealog.</strong></span> <span class='ocrx_word' id='word_1_290' title='bbox 274 3815 331 3868; x_wconf 82' lang='lat' dir='ltr'><strong>Att.</strong></span> <span class='ocrx_word' id='word_1_291' title='bbox 347 3818 412 3870; x_wconf 82' lang='lat'>1889</span> <span class='ocrx_word' id='word_1_292' title='bbox 430 3832 458 3885; x_wconf 93' lang='lat' dir='ltr'><strong>p.</strong></span> <span class='ocrx_word' id='word_1_293' title='bbox 473 3818 610 3880; x_wconf 69' lang='grc'><strong>121132).</strong></span> 
     </span>
    </p>

    <p class='ocr_par' dir='ltr' id='par_1_8' title="bbox 185 3897 820 3969">
     <span class='ocr_line' id='line_1_36' title="bbox 185 3897 820 3969; baseline 0 -17"><span class='ocrx_word' id='word_1_294' title='bbox 185 3903 211 3965; x_wconf 84' lang='lat'><strong>1)</strong></span> <span class='ocrx_word' id='word_1_295' title='bbox 229 3898 270 3954; x_wconf 80' lang='lat' dir='ltr'><strong>(ll.</strong></span> <span class='ocrx_word' id='word_1_296' title='bbox 290 3899 380 3969; x_wconf 82' lang='lat' dir='ltr'><strong>Bergk</strong></span> <span class='ocrx_word' id='word_1_297' title='bbox 397 3900 426 3955; x_wconf 91' lang='lat' dir='ltr'><strong>iu</strong></span> <span class='ocrx_word' id='word_1_298' title='bbox 443 3899 515 3955; x_wconf 90' lang='lat' dir='ltr'><strong>Hist.</strong></span> <span class='ocrx_word' id='word_1_299' title='bbox 533 3899 584 3954; x_wconf 92' lang='lat' dir='ltr'><strong>litt.</strong></span> <span class='ocrx_word' id='word_1_300' title='bbox 604 3897 651 3954; x_wconf 83' lang='lat' dir='ltr'><strong>Gr.</strong></span> <span class='ocrx_word' id='word_1_301' title='bbox 667 3897 707 3953; x_wconf 89' lang='lat' dir='ltr'><strong>IV</strong></span> <span class='ocrx_word' id='word_1_302' title='bbox 724 3900 820 3967; x_wconf 78' lang='lat' dir='ltr'><strong>pter.</strong></span> 
     </span>
    </p>

    <p class='ocr_par' dir='ltr' id='par_1_9' title="bbox 97 3980 1252 4140">
     <span class='ocr_line' id='line_1_37' title="bbox 185 3980 1252 4055; baseline -0.001 -18"><span class='ocrx_word' id='word_1_303' title='bbox 185 3988 210 4050; x_wconf 78' lang='grc'><strong>2)</strong></span> <span class='ocrx_word' id='word_1_304' title='bbox 228 3983 319 4039; x_wconf 79' lang='lat' dir='ltr'><strong>Etiam</strong></span> <span class='ocrx_word' id='word_1_305' title='bbox 336 3984 423 4040; x_wconf 87' lang='lat' dir='ltr'><strong>Ursae</strong></span> <span class='ocrx_word' id='word_1_306' title='bbox 441 3985 545 4055; x_wconf 85' lang='lat' dir='ltr'><strong>signum</strong></span> <span class='ocrx_word' id='word_1_307' title='bbox 566 3985 596 4039; x_wconf 92' lang='lat' dir='ltr'><strong>ln</strong></span> <span class='ocrx_word' id='word_1_308' title='bbox 619 3986 670 4039; x_wconf 89' lang='lat' dir='ltr'><strong>hac</strong></span> <span class='ocrx_word' id='word_1_309' title='bbox 693 3983 786 4038; x_wconf 84' lang='lat' dir='ltr'><strong>fabula</strong></span> <span class='ocrx_word' id='word_1_310' title='bbox 809 3984 1046 4038; x_wconf 89' lang='lat' dir='ltr'><strong>commemoratum</strong></span> <span class='ocrx_word' id='word_1_311' title='bbox 1068 3980 1154 4035; x_wconf 85' lang='lat' dir='ltr'><strong>luisse</strong></span> <span class='ocrx_word' id='word_1_312' title='bbox 1175 3981 1252 4048; x_wconf 86' lang='lat' dir='ltr'><strong>laiso,</strong></span> 
     </span>
     <span class='ocr_line' id='line_1_38' title="bbox 97 4067 1151 4140; baseline -0.001 -19"><span class='ocrx_word' id='word_1_313' title='bbox 97 4074 130 4122; x_wconf 87' lang='lat' dir='ltr'><strong>ut</strong></span> <span class='ocrx_word' id='word_1_314' title='bbox 147 4067 218 4122; x_wconf 88' lang='lat' dir='ltr'><strong>inlra</strong></span> <span class='ocrx_word' id='word_1_315' title='bbox 235 4068 472 4138; x_wconf 88' lang='lat' dir='ltr'><strong>demonstrabitur,</strong></span> <span class='ocrx_word' id='word_1_316' title='bbox 492 4069 621 4140; x_wconf 88' lang='lat' dir='ltr'><strong>opinatur</strong></span> <span class='ocrx_word' id='word_1_317' title='bbox 638 4068 744 4124; x_wconf 88' lang='lat' dir='ltr'><strong>Robcrt</strong></span> <span class='ocrx_word' id='word_1_318' title='bbox 760 4068 789 4123; x_wconf 86' lang='lat' dir='ltr'><strong>in</strong></span> <span class='ocrx_word' id='word_1_319' title='bbox 806 4067 883 4122; x_wconf 82' lang='lat' dir='ltr'><strong>Erat.</strong></span> <span class='ocrx_word' id='word_1_320' title='bbox 902 4067 960 4123; x_wconf 84' lang='lat' dir='ltr'><strong>(lat.</strong></span> <span class='ocrx_word' id='word_1_321' title='bbox 979 4067 1028 4122; x_wconf 90' lang='lat' dir='ltr'><strong>rel.</strong></span> <span class='ocrx_word' id='word_1_322' title='bbox 1044 4083 1073 4136; x_wconf 89' lang='lat' dir='ltr'><strong>p.</strong></span> <span class='ocrx_word' id='word_1_323' title='bbox 1091 4069 1151 4121; x_wconf 81' lang='grc'><strong>113.</strong></span> 
     </span>
    </p>
   </div>
   <div class='ocr_carea' id='block_1_7' title="bbox 0 0 1494 4734">
    <p class='ocr_par' dir='ltr' id='par_1_10' title="bbox 0 0 1494 4734">
     <span class='ocr_line' id='line_1_39' title="bbox 0 0 1494 4734; baseline 0 0"><span class='ocrx_word' id='word_1_324' title='bbox 0 0 1494 4734; x_wconf 95' lang='lat' dir='ltr'><strong> </strong></span> 
     </span>
    </p>
   </div>
  </div>
 </body>
</html>
