2958 4734
497 303 539 356 De
556 303 683 359 Callistus
700 303 802 359 fabula.
1164 307 1226 366 245

71 474 261 559 praebuisse
284 495 304 541 a
318 478 410 558 patre
431 475 596 559 expositae
612 474 665 558 (cf.
682 476 831 562 Apollod.
848 476 932 542 Bibl.
947 479 995 544 III
1011 481 1041 559 9,
1056 481 1087 560 2,
1103 481 1132 544 2.
1155 480 1227 545 Ael.

72 577 110 641 V.
127 576 165 641 Η.
189 575 326 659 XIIII),
350 576 483 643 Callisto
506 577 671 644 dicebatur
691 579 725 644 in
748 599 854 645 ursam
877 599 947 646 esse
970 599 1133 646 conversa.
1171 582 1225 646 At·

73 677 127 760 qni
149 677 231 744 baec
253 686 322 743 erat
337 678 463 744 Dianae
484 699 600 764 comes,
622 687 757 763 utraque
773 680 854 747 deae
868 687 983 748 natura
997 681 1170 764 simillima,
1192 688 1228 748 ut

73 800 145 844 cum
161 778 324 846 Odofredo
339 780 454 846 Mdller
468 780 558 862 (Dor.
574 783 606 846 Ι2
628 803 657 866 p.
674 780 751 864 376)
765 803 828 849 non
844 789 963 850 temere
978 785 1123 869 plerique
1145 783 1226 848 iudi-

73 886 146 947 cent
168 887 336 962 utramque
357 882 457 965 ipsius
480 901 552 950 esse
575 882 656 950 deae
684 885 817 950 formam
843 889 1033 969 separatam.
1078 885 1163 966 llrgo
1192 884 1226 951 id

71 988 208 1067 apparet
228 983 261 1049 in
284 983 390 1068 prisca
417 983 570 1064 religione
591 1005 698 1052 ursam
727 985 961 1053 necessitudine
987 987 1127 1068 quadam
1153 1007 1226 1053 cum

73 1085 179 1150 Diana
194 1085 394 1152 coniunctam
410 1085 518 1169 fuisse,
540 1087 698 1172 siquidem
713 1086 899 1154 incredibile
915 1092 963 1152 est
978 1088 1082 1154 lusum
1097 1087 1226 1155 fabulae

70 1187 236 1273 popularis
257 1187 290 1253 in
312 1207 351 1253 eo
373 1187 520 1271 agnosci,
550 1188 636 1270 quod
666 1189 793 1273 puellae
821 1188 1055 1272 pulcherrimae
1082 1191 1226 1274 turpibus

71 1310 142 1355 curn
166 1289 247 1355 ursis
270 1289 472 1356 consociatae
493 1291 556 1357 sint
567 1289 602 1372 ¹),
625 1311 685 1357 nec
699 1291 805 1374 potius
826 1290 902 1357 inde
917 1311 1010 1358 ursae
1024 1297 1133 1375 partes
1154 1311 1226 1360 esse

71 1391 271 1474 repetendas,
295 1391 380 1475 qnod
402 1390 515 1477 priscis
537 1391 601 1457 illis
623 1390 814 1475 hominibus,
837 1392 923 1477 apud
944 1413 1023 1477 quos
1045 1394 1226 1460 fabularum

71 1493 163 1558 initia
178 1491 361 1575 quaerenda
375 1498 460 1578 sunt,
483 1493 554 1578 dea,
576 1492 665 1561 cuins
681 1493 827 1560 habitum
841 1514 1010 1576 moresque
1026 1503 1059 1562 et
1072 1497 1227 1563 Atalanta

70 1601 104 1659 ct
119 1591 252 1659 Callisto
267 1595 414 1679 referunt,
435 1616 506 1662 cum
520 1616 596 1663 ursa
610 1598 733 1664 ratione
750 1595 889 1678 quadam
904 1596 975 1662 risa
989 1599 1032 1663 sit
1046 1597 1225 1665 cohaerere.

69 1695 161 1775 Quae
176 1697 256 1762 ratio
272 1696 327 1762 vix
342 1698 408 1763 alia
422 1699 525 1781 potuit
541 1719 611 1765 esse
623 1697 685 1764 nisi
701 1717 749 1781 ea,
767 1705 801 1764 ut
813 1718 887 1765 ursa
898 1698 979 1766 deae
991 1718 1085 1767 sacra
1096 1699 1224 1768 ducere

70 1800 166 1880 tnr2).
188 1798 302 1881 Neque
313 1798 347 1864 id
360 1799 536 1866 miraberis.
560 1801 644 1866 Nam
653 1800 709 1866 ubi
719 1800 859 1868 nobilius
872 1802 999 1868 leonum
1010 1821 1113 1886 genus
1124 1803 1225 1885 deest,

69 1900 138 1967 illic
152 1920 227 1967 ursa
237 1900 263 1985 c)
276 1902 464 1969 animalium
477 1909 526 1970 est
537 1903 694 1988 princeps,
710 1907 744 1967 nt
756 1921 847 1969 ursus
858 1903 1026 1970 Germanis
1039 1902 1115 1971 olim
1127 1903 1225 1970 habe·

71 2004 164 2069 batur
185 2022 295 2069 eorum
310 2024 382 2088 rex;
406 2011 651 2072 consentaneum
673 2005 769 2090 igitur
785 2025 856 2071 eam
871 2003 953 2071 deae
974 2006 1224 2089 potentissimae,

68 2111 256 2173 venatorum
272 2113 436 2191 patronae,
451 2105 590 2174 dicatam
605 2104 714 2189 fuisse,
728 2106 762 2170 in
777 2123 816 2172 ea
837 2106 1010 2191 praecipue
1024 2115 1118 2190 terra,
1142 2125 1224 2189 quae

67 2208 158 2273 illam
180 2207 284 2294 ipsam
307 2209 401 2275 deam
424 2208 563 2275 maxime
586 2209 726 2274 omnium
748 2209 868 2275 coleret
889 2215 987 2291 atque
1010 2209 1123 2290 ctiam,
1153 2230 1225 2276 cum

67 2316 207 2378 scateret
221 2311 381 2378 montibus
396 2311 487 2377 silvis
508 2311 593 2393 feris,
609 2309 747 2377 studium
763 2309 901 2376 venandi
917 2330 1043 2397 semper
1058 2313 1180 2379 foveret
1194 2320 1225 2379 et

67 2413 179 2479 aleret.
220 2413 304 2479 Num
328 2414 430 2480 cultus
453 2432 580 2496 quoque
601 2411 689 2496 apud
710 2410 852 2478 Arcades
874 2412 967 2477 huius
989 2413 1148 2496 opinionis
1171 2433 1223 2480 ve-

66 2515 165 2598 stigia
187 2516 382 2599 servaverit,
411 2517 595 2600 ignoramus
605 2512 648 2597 4);
677 2511 843 2598 permultis
870 2533 946 2580 vero
975 2513 1089 2580 eadem
1110 2514 1223 2595 religio

159 2705 184 2768 1)
196 2699 256 2755 Hoc
274 2701 352 2757 modo
370 2703 484 2757 istarum
502 2699 695 2766 narrationum,
711 2699 809 2768 quibus
828 2699 909 2753 etiam
927 2713 997 2768 quae
1015 2699 1049 2754 de
1060 2698 1165 2755 Paridis
1183 2697 1227 2755 in·

68 2784 159 2839 santia
175 2784 273 2840 similia
290 2800 324 2840 ac
337 2786 370 2841 de
383 2787 528 2841 Atalantae
540 2791 687 2840 narrantur
698 2783 828 2852 adiungit,
847 2785 975 2852 originem
987 2784 1125 2853 explicare
1143 2801 1225 2840 cona·

66 2877 115 2924 tur
133 2869 197 2924 Otto
214 2869 308 2924 Keller
325 2863 431 2935 t‘Tiere
447 2870 473 2925 d.
492 2871 576 2925 klars.
594 2862 701 2924 Altert.’
715 2871 779 2924 1881
798 2884 825 2937 p.
840 2873 889 2924 108
904 2874 964 2938 sq.),
983 2885 1046 2924 cum
1063 2869 1142 2924 dicit:
1157 2863 1226 2925 ‘Der

67 2955 174 3010 Humor
192 2954 239 3010 der
251 2954 469 3024 Vollrsdichtnng
485 2955 555 3023 zeigt
572 2953 630 3010 sich
648 2954 734 3020 dartn,
753 2953 815 3010 dass
832 2955 932 3022 gerade
948 2969 1002 3012 nur
1019 2953 1062 3008 die
1080 2954 1225 3010 achoncten

66 3039 157 3093 Lenta
180 3039 228 3092 mit
250 3039 310 3094 dem
333 3040 475 3110 plnmpen,
498 3040 635 3109 garstigen
652 3039 742 3094 Baren
764 3039 794 3094 in
818 3031 931 3093 nachs'te
948 3038 1102 3106 Beaiehung
1123 3043 1226 3104 gesetat

66 3123 177 3178 werden
196 3153 228 3162 -
240 3153 273 3163 -
288 3126 386 3192 gerade
404 3141 435 3180 no
453 3126 559 3182 werdon
580 3125 610 3180 ln
627 3124 680 3179 den
700 3124 847 3180 deutschen
864 3122 996 3177 Marehen
1018 3123 1062 3177 die
1079 3123 1225 3179 schdnsten

68 3207 278 3264 Prinzessiuncn
295 3209 324 3264 ln
342 3210 477 3266 ehclhafte
488 3211 591 3266 Kroten
603 3203 782 3266 rcrwandelt’
812 3208 865 3263 Sed
882 3208 962 3262 eham
978 3207 1098 3276 produnt
1115 3212 1224 3264 senten-

66 3293 133 3347 tiam
143 3294 288 3362 popularia
296 3294 364 3351 haec
374 3301 523 3352 commenta
531 3312 582 3352 nec
593 3311 653 3350 cum
663 3293 805 3349 Arcadicis
813 3293 868 3348 iam
877 3298 967 3364 potest
979 3293 1104 3363 componi
1113 3309 1183 3363 quae
1192 3296 1225 3351 de

66 3378 168 3433 Paride
179 3379 302 3448 exposito
315 3386 357 3436 est
373 3381 474 3448 fabula,
492 3381 556 3451 quia
568 3380 672 3436 Robert
683 3374 768 3447 t‘Bild
782 3379 838 3434 und
850 3372 929 3433 Lied'
946 3395 973 3448 p.
987 3381 1036 3434 233
1047 3384 1117 3450 sqq.)
1129 3381 1224 3436 eamV

66 3463 176 3519 demum
182 3465 537 3535 saeculoatragicIsAtticis
543 3470 569 3532 (a
579 3465 722 3534 Sophocle,
730 3463 1018 3531 utrideturlinrentam
1025 3467 1223 3535 esseprobavit.

156 3553 183 3616 2)
201 3550 246 3605 Sic
263 3551 343 3605 etiam
356 3551 455 3622 cybele
472 3547 654 3631 fingebatura
671 3549 765 3604 bestiis
783 3549 835 3603 sihi
853 3549 1020 3605 consecratis
1036 3551 1139 3606 nutrita
1155 3566 1223 3620 esre,

66 3637 215 3704 postquam
233 3650 251 3688 a
267 3641 346 3704 patre
362 3641 435 3692 esset
452 3636 576 3705 exposita
593 3634 638 3702 (ct.
657 3634 736 3690 Diod.
754 3633 796 3688 III
814 3638 894 3702 581,
913 3639 954 3702 59,
967 3638 1001 3701 8).

154 3723 179 3787 3)
198 3719 291 3785 Ursos,
315 3725 346 3775 ut
363 3727 460 3777 auctor
484 3726 525 3776 est
547 3721 628 3776 Paus.
647 3719 713 3776 VIII
732 3723 772 3786 23,
790 3723 815 3784 9,
836 3720 922 3775 saltur
940 3719 1069 3775 Arcadici
1086 3720 1224 3774 etiamtum

62 3821 161 3862 omnes
178 3806 306 3861 habuere.
749 3823 751 3828 ·

154 3893 181 3956 1)
204 3890 313 3958 Nescio,
331 3905 385 3959 qno
402 3890 462 3944 inre
478 3889 512 3946 Ε.
530 3891 641 3946 curtius
658 3884 758 3957 t‘Stud.
776 3905 800 3943 n.
820 3888 983 3964 (leschichte
1000 3889 1027 3943 d.
1045 3880 1177 3944 Artemis'
1194 3889 1223 3943 in

64 3973 435 4032 Relat.acad.Berol.1887
453 3990 481 4043 p.
497 3979 572 4043 1119)
591 3975 749 4031 contendat:
764 3969 827 4030 ‘Die
849 3967 977 4048 α’ρκτειά,
995 3972 1095 4027 welche
1113 3971 1157 4026 die
1179 3988 1222 4029 ar·

64 4061 220 4116 kadirchen
237 4062 350 4116 Dienste
366 4060 416 4114 mit
433 4060 485 4115 den
503 4061 637 4116 attischen
654 4054 810 4116 verbindet.’
