2988 4728
257 283 319 342 342
695 280 864 336 Reinholdus
881 279 971 336 Franz

258 455 314 518 καὶ
342 447 359 518 ὁ
390 449 474 528 Ζεὺς
503 449 640 540 ἐλεήσας
669 445 791 529 αὐτοὺς
823 454 1068 538 κατηστέρισεν.
1119 449 1197 517 Sola
1222 451 1266 515 ab
1295 450 1415 517 Ouidio

259 555 439 639 discrepant
454 555 553 620 verba
567 553 700 641 τρώσας
716 547 853 634 ἀνεῖλεν,
876 575 933 639 pro
950 553 1063 636 quibus
1080 560 1303 637 exspectamus
1319 544 1415 618 ἂναι-
1485 553 1486 628 i

259 669 327 743 aaa
359 653 525 739 ἐπεθύμει
553 658 606 723 ver
637 656 742 723 simite
770 656 902 739 aliquid.
947 653 1162 736 segregata
1187 654 1321 720 forsitan
1351 655 1417 737 ipsi
1485 629 1486 682 r

257 760 396 825 Tzetzae
418 758 496 825 nitio
526 759 567 823 sit
590 757 753 826 vertenda.
799 759 948 824 Ceterum
974 757 1060 840 quod
1083 754 1242 823 Ovidiana
1269 758 1416 823 narratio
1485 773 1486 868 p

258 862 354 928 etiam
377 859 420 926 ad
436 859 577 925 Graecos
590 857 771 944 penetravit
791 880 854 926 non
876 859 1055 926 inauditum
1071 864 1130 942 est,
1153 857 1416 940 quandoquidem
1485 883 1486 908 t

257 962 373 1029 seriem
395 960 696 1044 metamorphoseon
718 982 759 1028 ex
774 960 891 1028 Ouidio
915 960 1103 1028 translatam
1126 979 1224 1044 supra
1244 980 1276 1044 p.
1293 963 1356 1024 264
1380 961 1415 1025 in
1485 939 1486 1032 l

257 1062 333 1131 adn.
356 1062 573 1144 eognovimus.

343 1164 459 1231 Cnidio
475 1164 603 1230 vindioe
618 1165 747 1231 fabulae
762 1162 950 1230 memoriam
966 1183 1006 1229 ne
1020 1163 1263 1245 insequentibus
1280 1162 1414 1244 quidem
1485 1169 1486 1236 l

258 1268 395 1335 saeoulis
417 1288 489 1333 oum
504 1268 653 1334 universa
676 1266 852 1333 litterarum
867 1264 1030 1332 oblivione
1045 1284 1116 1330 esse
1139 1264 1332 1331 exstinetam
1348 1286 1414 1331 non
1485 1247 1486 1312 l

257 1390 337 1454 opus
360 1377 408 1436 est
429 1369 573 1453 probare.
610 1369 751 1451 Testem,
774 1370 829 1448 qui
852 1372 953 1432 totum
968 1386 1085 1449 agmen
1102 1365 1241 1448 claudat,
1261 1367 1413 1432 illustris·
1485 1397 1486 1460 3

258 1474 373 1538 simum
395 1470 511 1536 afferro
534 1468 698 1534 Duratium.
742 1469 803 1534 Hie
826 1469 910 1534 enim
933 1469 1065 1536 Callisto
1088 1468 1239 1543 aDiana
1260 1469 1414 1534 abactam
1485 1467 1486 1556 J

258 1577 486 1640 commemorat
507 1571 541 1637 in
562 1571 691 1654 Purgat.
714 1569 805 1635 XXV
831 1573 889 1633 130
902 1588 987 1651 sqq:
1485 1571 1486 1650 ζ

479 1666 1027 1762 Ἁ--ῂ--ωωω
1485 1665 1486 1760 l

483 1777 511 1842 si
532 1781 627 1842 tenne
649 1776 765 1856 Diana,
786 1774 827 1840 ed
849 1773 938 1839 Elioe
961 1772 1130 1839 oaooionne

482 1878 541 1944 ohe
565 1878 598 1942 di
620 1876 743 1942 Venere
765 1895 848 1943 area
870 1875 986 1942 sentito
1009 1875 1033 1939 il
1054 1865 1170 1957 tosoo',

258 1989 291 2047 et
313 1980 446 2046 Callisto
469 1999 540 2046 oum
562 1977 688 2044 Arcade
710 1979 742 2043 in
765 1977 924 2044 sideribus
946 1978 1092 2059 agnoseit
1112 1977 1144 2041 in
1167 1975 1282 2042 Panad.
1299 1977 1413 2040 XXXI
1485 1993 1486 2080 p

259 2085 296 2145 31
312 2101 398 2164 sqq:
1485 2097 1486 2128 t

480 2175 529 2246 ‘se
552 2181 562 2245 i
586 2181 722 2262 barbari,
745 2181 892 2247 venando
915 2179 958 2247 da
980 2183 1026 2247 tal
1047 2183 1154 2266 plaga,

482 2284 542 2348 ohe
564 2282 689 2350 oiaseun
710 2281 820 2364 giorno
843 2282 873 2347 d'
896 2283 986 2350 Elioe
1007 2284 1036 2349 si
1059 2302 1167 2367 eopra,

483 2390 608 2452 rotante
632 2386 682 2452 ool
704 2403 762 2451 suo
784 2384 873 2466 figlio
896 2383 969 2451 ond’
994 2383 1046 2451 ell'
1069 2389 1087 2450 e
1109 2376 1221 2468 vaga',
1243 2419 1295 2448 -.

802 2559 872 2631 so.
1485 2537 1486 2620 l

225 2685 229 2694 ’
317 2677 436 2767 ΙΙηῖθτ
465 2672 618 2758 ortzflces,
654 2691 788 2754 quorum
817 2673 946 2755 quidem
975 2693 1073 2758 opera
1100 2680 1241 2740 aetatem
1269 2673 1412 2754 tulerint,

257 2774 393 2840 seriores
415 2794 497 2840 unus
521 2775 670 2840 Callistus
693 2774 835 2840 fabulam
858 2776 1025 2858 expressit.
1070 2775 1218 2842 Continet
1246 2775 1330 2842 enim
1354 2794 1412 2838 va·
1485 2801 1486 2852 r

256 2876 337 2943 sculi
366 2877 511 2956 argentei
532 2896 561 2942 a.
589 2879 665 2942 1861
698 2895 799 2960 prope
821 2878 1017 2961 Valentiam,
1048 2876 1225 2960 Hispaniae
1247 2877 1412 2961 oppidum,

257 2979 376 3064 effossi,
400 2999 483 3046 nuno
503 2977 652 3061 Parisini‚
682 2978 767 3062 quod
789 2972 981 3045 norissimus
1003 2979 1154 3044 traotavit
1175 2979 1413 3065 diligenterque
1485 2979 1486 3068 l

256 3082 483 3148 delineandum
496 3081 619 3147 curavit
630 3075 947 3162 Froehner‚‘Musees
960 3074 1144 3149 deFranoe’
1157 3084 1238 3160 1873
1251 3104 1281 3166 p.
1291 3086 1326 3144 nt
1338 3100 1411 3164 sqq.
1485 3083 1486 3168 l

256 3184 320 3250 tab.
330 3184 367 3268 V,
380 3179 525 3250 ‘interior
539 3203 614 3267 pars
627 3189 775 3264 quattuor
786 3183 872 3249 lovis
884 3203 1025 3250 amores:
1040 3186 1176 3270 primum
1187 3182 1411 3267 Ganymedem
1485 3175 1486 3250 l

256 3286 299 3351 ab
322 3286 432 3366 aquila
453 3293 590 3368 raptum,
612 3284 730 3351 deinde
752 3285 872 3351 olorem
887 3284 1068 3362 adULedam
1085 3286 1336 3369 confugientem,
1360 3306 1410 3352 se·

256 3385 364 3468 quitur
383 3386 526 3470 Iuppiter
548 3388 699 3454 feminam
721 3387 834 3452 ineerti
849 3387 985 3454 nominis
1002 3388 1161 3466 [Semelen
1176 3388 1246 3453 vult
1260 3387 1411 3464 Froehn.]
1485 3397 1486 3480 t

256 3488 425 3570 amplexus
448 3496 480 3553 et
502 3495 615 3570 quarto
637 3491 708 3555 loeo
730 3489 815 3555 idem
839 3489 918 3556 deus
934 3510 954 3555 a
969 3489 1076 3555 Diana
1096 3491 1231 3556 formam
1245 3495 1410 3554 mutuatus

257 3588 437 3654 Callisto
459 3589 584 3656 fallens.
621 3592 778 3676 Designat
793 3591 889 3658 deum
903 3590 962 3658 sub
978 3593 1086 3676 speeie
1101 3592 1233 3676 virginis
1255 3593 1410 3658 latentem
1485 3601 1486 3678 t

257 3696 289 3757 et
310 3690 439 3756 habitus
461 3689 611 3756 Callistus
642 3699 674 3756 et
696 3696 796 3760 Amor
823 3694 914 3761 iuxta
941 3699 1031 3760 stans
1060 3700 1107 3776 et,
1137 3693 1223 3775 quod
1251 3713 1409 3759 summum
1485 3699 1486 3744 l

257 3798 315 3876 est,
338 3793 533 3874 reliquarum
550 3775 727 3875 'figurarum
750 3797 945 3880 comparatio
958 3789 1000 3881 ¹).'
1040 3795 1209 3880 Inscriptio
1223 3795 1337 3861 addita
1360 3801 1409 3862 est

344 3946 367 4008 1)
385 3942 482 3998 Verbis
501 3947 564 3998 utor
576 3943 689 4001 loannis
701 3945 788 4014 Bolte,
806 3947 897 4016 quiin
915 3947 978 4002 diss.
998 3946 1031 4001 de
1049 3962 1167 4002 monum.
1186 3946 1221 4001 ad
1234 3945 1331 4015 Odyss.
1344 3961 1408 4014 per·
1485 3927 1486 3962 ³

255 4026 350 4080 tinent.
370 4028 459 4083 Berol.
480 4032 545 4082 1882
562 4045 590 4097 p.
609 4034 641 4084 40
659 4029 740 4086 huius
758 4032 859 4087 vasculi
883 4031 1011 4088 meminit.
1046 4031 1121 4088 ldem
1143 4033 1195 4086 hac
1213 4046 1275 4088 oum
1291 4030 1408 4099 imagine
