2988 4728
499 292 541 346 De
559 291 687 348 Callistus
703 291 805 348 fabula.
1164 292 1226 352 359

71 484 141 532 rum
164 463 284 547 figuras
306 460 522 546 adumbraret,
545 465 634 530 velut
648 465 814 547 Draconis,
839 463 894 545 qui
914 462 1007 531 uobis
1022 465 1075 532 hic
1089 464 1227 550 primum

72 565 218 633 occurrit.

158 666 292 734 Fabulis
315 684 388 732 eum
411 685 475 733 uon
497 667 631 733 multum
654 667 750 752 spatii
780 667 976 736 concessisse
998 686 1095 753 supra
1116 689 1148 753 p.
1165 672 1226 733 352

73 792 114 838 ex
136 769 356 855 compluribus
378 766 505 834 indiciis
527 769 748 854 comprobavi;
780 768 865 854 quod
888 789 972 837 nunc
994 769 1056 853 eis,
1080 786 1163 851 quae
1185 767 1228 838 de

74 872 143 938 eius
166 876 274 939 aetate
296 869 552 954 exploravimus,
584 869 801 957 confirmatur;
831 891 907 938 nam
928 872 1056 940 tabulas
1079 891 1161 955 quae
1184 871 1228 938 ad

73 973 181 1040 sidera
203 977 349 1058 spectent
371 973 542 1057 plerasque
565 991 656 1039 serae
679 992 750 1040 esse
773 973 905 1059 originis
933 973 1030 1041 hodie
1058 979 1150 1060 turpe
1178 980 1228 1042 est

71 1076 205 1144 nescire.
242 1076 286 1142 At
307 1073 389 1140 duas
405 1075 529 1154 saltem,
551 1073 580 1139 si
596 1074 769 1141 Robertum
791 1075 949 1159 audimus,
972 1077 1003 1142 ei
1025 1076 1149 1160 eripere
1164 1097 1228 1143 non

73 1178 163 1261 licet,
188 1197 260 1243 eam
283 1196 366 1259 quae
389 1175 430 1242 de
446 1174 579 1241 Oallisto
602 1181 651 1242 cst
673 1180 705 1242 ot
731 1195 814 1258 quac
840 1175 881 1242 dc
908 1175 1035 1244 Orione.
1079 1180 1130 1244 De
1155 1178 1226 1246 Oal·

73 1279 146 1347 listo
170 1279 267 1346 facile
289 1285 338 1345 est
360 1276 570 1362 respondere:
602 1276 695 1344 tertio
718 1277 803 1343 enim
827 1277 1022 1359 quaestionis
1045 1280 1150 1362 capite
1173 1278 1227 1346 de-

16 1433 17 1438 .
72 1380 250 1447 monstravi
272 1401 344 1448 eam
366 1399 387 1445 a
410 1377 608 1445 Oallimacho
630 1377 733 1462 primo
756 1398 828 1445 cum
851 1378 946 1446 astris
969 1399 1124 1447 conexam
1147 1399 1227 1448 essc.
1329 1385 1339 1393 ”

16 1495 17 1568 J
71 1483 146 1548 Non
167 1481 214 1547 ita
235 1502 371 1565 pronum
394 1486 443 1546 est
465 1485 585 1546 certum
606 1479 690 1552 ferre
712 1478 865 1547 iudicium
895 1482 936 1549 de
958 1480 1084 1548 Orionis
1106 1482 1227 1549 fabula.

16 1573 17 1666 r
73 1586 166 1665 Quae
189 1584 255 1650 alia
277 1601 354 1650 sane
377 1602 415 1648 ac
436 1581 590 1665 singulari
614 1587 662 1648 est
689 1587 812 1649 natura.
856 1584 971 1665 Neque
994 1584 1079 1651 enim
1101 1605 1121 1651 a
1142 1588 1229 1652 terra

16 1689 17 1694 ’
73 1685 115 1754 ad
139 1687 264 1754 caelum
287 1684 443 1752 translata
465 1681 608 1764 videtur,
637 1683 695 1748 sed
719 1703 760 1748 ex
786 1684 858 1768 ipsa
880 1686 1065 1752 caelestium
1089 1692 1227 1754 contem-

16 1821 17 1824 *
73 1788 217 1872 platioue
239 1794 326 1873 nata,
350 1785 479 1855 Orionis
502 1783 573 1850 dico
597 1783 771 1851 occidentis
787 1791 819 1851 ct
834 1785 1019 1870 Scorpionis
1035 1808 1076 1853 ex
1090 1786 1228 1855 adverso

72 1892 213 1976 orientis,
236 1891 278 1958 ds
301 1909 365 1973 qua
388 1909 422 1955 re
445 1887 574 1972 egregie
597 1885 773 1972 disputavit
795 1893 869 1970 post
884 1888 1112 1956 Buttmannum
1126 1889 1227 1973 (Diss.

74 1994 165 2061 acad.
182 1993 287 2060 Berol.
306 1996 388 2059 1826
410 2012 441 2075 p.
460 1989 514 2073 56)
538 1988 659 2054 Robert
681 1988 714 2055 in
729 1990 816 2056 Erat.
835 1989 870 2056 O.
885 2013 910 2056 r.
932 2012 963 2075 p.
981 1995 1051 2056 238.
1092 1992 1142 2057 Ab
1164 1991 1229 2057 He·

73 2095 165 2162 siodo
189 2101 296 2162 autem
319 2114 392 2160 eam
414 2098 594 2161 enarratam
619 2110 690 2158 esse
718 2111 782 2157 non
810 2090 914 2158 solum
936 2093 1166 2160 Eratosthenes
1195 2094 1228 2161 in

74 2198 194 2264 Oatast.
210 2198 348 2281 XXXII,
369 2215 480 2263 vemm
503 2194 600 2261 etiam
623 2192 783 2286 Diodorus
807 2193 934 2262 Siculus
953 2196 999 2261 IV
1020 2199 1061 2262 85
1084 2201 1228 2281 testatur,

72 2319 133 2368 uec
157 2319 240 2381 quae
261 2299 314 2365 hic
336 2296 469 2364 tradidit
491 2296 627 2380 pleniori
650 2296 949 2364 Oatasterismorum
978 2297 1153 2364 narrationi
1180 2318 1228 2364 re-

74 2411 236 2486 pugnant,
263 2401 322 2469 sed
343 2400 495 2484 supplent
517 2417 587 2464 cam
610 2397 717 2481 potius
740 2398 793 2482 (cf.
810 2398 931 2466 Robert
952 2419 983 2483 p.
1000 2402 1061 2464 238
1085 2400 1158 2465 adn.
1183 2399 1227 2483 3).

74 2503 141 2570 Sed
164 2521 227 2586 quo
251 2525 322 2571 eam
346 2499 487 2569 carmine
503 2499 663 2566 Hesiodus
679 2519 774 2582 quem
790 2506 906 2567 vocant
921 2502 1098 2586 protulerit,
1121 2508 1230 2568 manet

17 2597 18 2672 i
73 2607 238 2673 incertum.
288 2607 379 2672 Licet
407 2603 545 2687 cogitare
575 2609 641 2667 tam
668 2600 710 2669 da
737 2603 962 2670 Astronomiae
994 2609 1140 2687 auctore,
1174 2603 1230 2687 qui

74 2707 207 2776 intextis
234 2706 361 2774 Orionis
389 2705 464 2771 fatis
493 2704 639 2789 prolatae
667 2702 856 2790 disciplinae
886 2704 1064 2773 siccitatem
1092 2706 1230 2774 iucunde

18 2851 19 2896 3
76 2809 314 2895 temperaverit,
337 2807 420 2873 siout
442 2807 539 2874 etiam
554 2809 672 2875 Aratus
695 2816 822 2895 practer
845 2808 1107 2876 consuetudinem
1129 2809 1229 2877 semel

18 2907 19 2918 ’
74 2911 107 2978 in
130 2910 309 2992 longiorem
332 2908 374 2977 de
389 2908 515 2975 lustitia
538 2915 570 2974 et
591 2911 640 2976 ΙΙΙ
662 2911 822 2977 aetatibus
837 2911 1053 2976 narrationem
1069 2911 1228 2996 exspatia-

75 3019 127 3080 tus
143 3018 193 3080 est
209 3011 417 3095 (100-136),
441 3031 536 3094 quam
559 3010 600 3075 de
623 3030 661 3077 eo
677 3011 731 3092 qui
746 3013 851 3076 lloeas
868 3011 1055 3095 composuit,
1078 3011 1229 3091 quoniam

75 3114 228 3182 Orionem
249 3134 312 3181 non
334 3112 429 3179 trium
452 3111 583 3180 deorum
600 3131 697 3196 opera
711 3110 854 3192 genitum
870 3145 911 3155 —
927 3111 1031 3192 qualis
1046 3109 1229 3195 posteriori·

75 3219 153 3300 bus,
174 3217 257 3283 inter
279 3233 358 3296 quos
381 3213 446 3280 iam
468 3213 642 3297 Pindarus,
671 3213 760 3279 visus
783 3219 832 3280 est
853 3247 905 3295 —-,
933 3212 992 3279 sed
1013 3212 1055 3278 ab
1078 3213 1229 3297 Euryale,

74 3318 192 3385 Minois
206 3317 282 3400 filia,
306 3322 338 3382 et
353 3316 503 3399 Neptuno
520 3322 622 3382 ortum
638 3315 745 3382 refert.
782 3314 939 3381 Certum
962 3312 1090 3394 igitur
1111 3313 1229 3382 fabu-

74 3423 140 3486 lae
173 3419 211 3486 in
244 3418 503 3486 Astronomia
534 3421 814 3502 pertractatae
848 3415 1071 3500 exemplum
1104 3417 1230 3485 deest.

74 3522 184 3604 Atque
207 3539 266 3602 ego
290 3518 420 3602 quidem
443 3520 512 3587 veri
534 3538 605 3587 esse
626 3517 761 3585 similius
785 3517 867 3585 duco
888 3517 923 3583 in
944 3518 1041 3586 lloeis
1071 3538 1166 3601 quam
1196 3520 1230 3585 iu

77 3621 282 3688 Astronomia
303 3621 497 3689 uberrimam
518 3621 607 3687 illam
633 3619 673 3685 dc
695 3619 822 3686 Orionis
847 3621 948 3702 gestis
972 3625 1004 3686 et
1025 3622 1100 3688 fatis
1122 3641 1229 3688 narra·

21 3751 22 3800 l
76 3724 196 3791 tionem
218 3723 387 3791 exstitisse.
