2958 4734
526 263 568 318 De
585 261 712 318 Callistus
729 262 832 318 fabula.

664 507 688 572 Ι.

641 630 659 702 s
684 630 711 688 1.

185 762 326 829 Primum
334 759 585 843 audireiuvabit,
597 762 726 842 qualem
734 760 1255 846 Callistusfabulamantiquissimi

98 865 299 932 narraverint
325 880 458 929 ronnas
485 881 576 928 nrrcr
604 880 874 930 praemunimur.
916 865 960 930 At
987 863 1074 930 haud
1095 864 1255 946 ambiguis

101 967 290 1034 testimoniis
313 965 456 1032 destituti
477 964 580 1048 primo
596 963 725 1046 quidem
741 967 819 1032 eerti
835 967 914 1032 nihil
929 984 1097 1051 possumus
1113 967 1254 1050 reperire

99 1075 133 1134 et
147 1069 244 1152 plane
257 1067 290 1131 iu
305 1067 444 1134 tenebris
460 1085 646 1146 erraremus,
664 1067 725 1132 nisi
740 1067 781 1132 de
799 1068 958 1152 origine
973 1070 1087 1134 saltem
1103 1068 1255 1134 Callistus

100 1189 184 1252 quae
211 1169 330 1252 singuli
356 1167 579 1249 tradidissent,
615 1168 769 1251 scriptum
798 1170 977 1253 legeremus
1005 1170 1039 1235 in
1066 1170 1255 1254 Apollodori

99 1291 196 1354 quem
217 1269 376 1337 finxerunt
398 1270 481 1336 Bibl.
503 1269 551 1333 III
572 1271 602 1351 8,
618 1273 646 1351 2,
664 1272 698 1335 2:
721 1263 874 1356 Εὔμηλος
900 1269 936 1336 δὲ
956 1276 1014 1336 καί
1035 1295 1124 1348 τινες
1146 1269 1254 1354 ἕτεροι

101 1374 234 1456 λέγουσι
255 1369 409 1436 Λυκάονι
430 1373 486 1436 καὶ
508 1373 678 1455 &prosopa
701 1371 879 1438 Καλλιστώ
903 1375 1078 1457 γενέσθαι·
1099 1368 1256 1448 Ἡσίοδος

99 1471 243 1557 μὲνγὰρ
267 1466 368 1560 αὐτὴν
388 1477 470 1556 μίαν
493 1467 667 1538 εἶναιτῶν
691 1475 828 1560 νυμφῶν
858 1475 962 1561 λέγει,
982 1469 1095 1552 Ἄσιος
1124 1474 1160 1541 δὲ
1183 1481 1255 1540 Νυ-

98 1579 210 1655 κτέως,
237 1574 423 1663 Φερεκύδης
445 1574 481 1640 δὲ
500 1577 635 1662 Κητέως
647 1574 680 1658 ¹).
726 1578 776 1643 De
798 1577 941 1644 Hesiodo
957 1579 1086 1661 quidem
1108 1578 1201 1662 plura
1223 1581 1255 1642 et

99 1679 299 1746 accuratiora
310 1677 465 1760 quaestio,
476 1698 548 1743 cum
559 1679 759 1762 processerit,
774 1679 910 1762 aperiet:
927 1679 1023 1745 ceteri
1036 1698 1119 1761 quae
1130 1682 1256 1762 praeter

99 1782 321 1866 genealogiam
349 1781 392 1846 de
414 1778 547 1845 Callisto
576 1779 787 1863 prodiderint,
817 1780 985 1847 obscurum
1011 1780 1160 1846 manebit.
1205 1781 1255 1846 llx

99 1883 255 1950 varietate
277 1888 384 1950 autem
407 1881 635 1946 sententiarum
664 1901 841 1965 permagna
862 1881 1076 1966 colligendum
1099 1881 1254 1966 principio

100 1985 251 2052 Callistus
282 1990 315 2049 et
343 2002 515 2066 personam
543 1988 576 2048 et
603 1983 747 2048 fabulam
775 1984 816 2048 ah
844 1983 930 2049 omni
957 2003 1082 2050 conexu
1117 1983 1255 2049 solutam

98 2085 312 2172 permansisse
335 2089 367 2151 et
388 2089 502 2168 postea
524 2083 651 2151 demum
675 2089 825 2167 parentes
848 2085 917 2151 eius
944 2085 1091 2152 inventos
1119 2103 1191 2151 esse
1213 2085 1254 2149 ah

98 2191 172 2255 aliis
194 2189 284 2256 alios.
328 2185 421 2266 qnod
444 2207 520 2252 vero
542 2188 671 2270 puellae
693 2207 871 2254 nonomen
898 2188 1026 2270 quidem
1055 2187 1158 2272 ipsum
1182 2207 1253 2253 con-

98 2298 178 2373 stat,
204 2290 263 2357 sed
294 2289 408 2354 eadem
436 2289 614 2354 referuntur
640 2289 683 2354 ab
704 2289 786 2355 Istro
815 2290 874 2373 ing.
898 2293 935 2350 57
962 2289 1065 2367 (ΒΗΘ
1086 2290 1102 2353 l
1124 2310 1154 2372 p.
1177 2286 1254 2370 426)

98 2392 140 2460 de
162 2391 327 2456 Themisto
356 2387 512 2470 quadam,
541 2389 583 2452 ab
610 2389 762 2455 Ariaetho
793 2391 937 2473 Tegeata
965 2388 1256 2471 lrg.1(FHG1V

96 2516 128 2578 p.
147 2495 222 2569 318)
245 2491 285 2557 de
306 2492 457 2572 Megisto,
481 2489 570 2556 Cetei
592 2489 660 2556 lilia
688 2496 720 2556 et
741 2496 839 2574 nepte
861 2491 1035 2575 Lycaonis,
1065 2491 1255 2558 documento

97 2600 157 2676 est,
181 2597 378 2677 quantopere
400 2592 488 2676 apud
510 2591 653 2658 Arcades
674 2592 786 2659 fabula
807 2593 960 2677 viguerit,
986 2614 1058 2659 cum
1080 2592 1159 2659 alihi
1181 2591 1255 2658 aliis

97 2697 150 2764 vel
173 2694 230 2761 alii
252 2694 343 2761 -si
367 2695 448 2762 forte
470 2695 544 2760 Istri
566 2693 721 2761 memoria
748 2715 811 2762 non
837 2716 878 2761 ex
899 2694 1061 2762 Arcadum
1084 2694 1256 2762 traditione

96 2799 139 2864 sit
161 2797 398 2883 repetenda-
420 2795 541 2863 nomini
563 2795 762 2863 adhaereret.
804 2798 918 2882 Neque
939 2797 974 2864 id
995 2799 1119 2864 mirum.
1163 2797 1254 2863 Com·

97 2900 206 2966 munia
228 2900 313 2966 enim
334 2899 472 2966 nationis
500 2898 686 2966 celebrabat
714 2897 814 2965 initia.
858 2901 1007 2982 Namque
1030 2900 1098 2966 eius
1119 2918 1255 2980 summa,

97 3022 163 3085 qua
174 3021 283 3069 omnes
303 3001 380 3067 inde
391 3023 413 3067 a
423 3000 579 3085 principio
590 3000 799 3083 consentiunt,
813 3001 893 3068 haec
909 3007 966 3085 est,
978 3008 1013 3068 ut
1028 3004 1097 3069 sive
1112 3002 1256 3087 nympha

97 3106 168 3170 sive
190 3104 274 3188 regis
299 3104 382 3188 filia,
413 3123 519 3170 eomes
542 3103 683 3184 Dianae,
712 3103 754 3167 ah
783 3103 860 3168 love
891 3123 1075 3187 compressa
1096 3104 1255 3171 Arcadem

97 3207 267 3292 pepererit,
291 3228 312 3272 a
333 3225 397 3290 quo
419 3225 511 3290 reges
534 3204 701 3292 originem,
730 3204 817 3269 natio
839 3224 956 3271 nomen
978 3207 1139 3289 trahebat;
1172 3224 1255 3288 quae

97 3310 227 3377 fabulae
249 3308 299 3374 vis
322 3329 394 3375 sera
417 3307 545 3373 demum
568 3312 675 3373 aetate
697 3306 846 3388 neglecta
860 3310 918 3390 est,
940 3307 996 3373 uhi
1014 3309 1176 3392 exstitere,
1200 3308 1255 3391 qui

186 3517 209 3580 l)
227 3512 335 3580 Pugnat
353 3525 413 3565 cum
431 3509 485 3564 hoc
501 3510 563 3564 loco
574 3508 779 3575 Eratosthenes,
798 3508 845 3578 qui
857 3508 1005 3564 Hesiodum
1023 3511 1132 3579 scripsit
1143 3510 1255 3565 Callisto

97 3598 233 3669 Lycaonis
251 3597 335 3652 liliam
352 3595 524 3666 perhibuisse
542 3594 588 3660 (ol.
607 3593 684 3647 Erat.
704 3593 808 3648 Cutast.
827 3595 875 3648 rel.
894 3592 936 3649 ed.
955 3594 1025 3648 Rob.
1043 3612 1070 3664 p.
1085 3598 1134 3661 50).
1172 3595 1256 3648 Cuius

98 3681 267 3739 difficultatis
284 3681 426 3736 solvendae
439 3680 543 3735 Rohert
561 3677 692 3747 triplicem
709 3679 779 3732 riam
791 3679 934 3748 proposuit
950 3680 979 3732 in
991 3679 1131 3735 Eratosth.
1151 3679 1254 3732 Catust.

97 3771 147 3825 rel.
160 3786 187 3838 p.
202 3771 251 3822 238
270 3767 333 3822 adu.
347 3769 371 3820 2.
401 3765 496 3834 Longe
514 3763 610 3818 ceteris
627 3762 807 3832 praeterendo
825 3769 852 3818 et
868 3764 994 3833 praelata
1010 3765 1044 3818 ab
1062 3765 1122 3833 ipso
1134 3763 1255 3816 Roberto

99 3871 133 3910 ea
150 3857 200 3919 est,
218 3856 250 3907 ut
267 3849 375 3904 Eumeli
392 3853 421 3904 et
431 3849 543 3905 Hesiodi
560 3849 669 3903 nomina
686 3848 756 3902 inter
774 3862 804 3904 se
822 3853 1029 3902 commutentur.
1060 3846 1163 3901 Eodem
1175 3847 1256 3901 modo

98 3940 168 3994 altar
185 3937 376 3992 Bibliothecae
393 3933 471 3989 locus
489 3934 542 3988 iam
559 3934 594 3987 ab
612 3932 718 4002 Heynio
736 3938 778 3988 est
795 3939 924 3999 sanatum
943 3931 1009 3986 uidit
1026 3931 1096 3984 enim
1112 3931 1139 3985 11
1161 3936 1182 3998 1,
1201 3934 1255 3995 3,3

101 4021 264 4094 Pherecydis
284 4024 313 4075 et
329 4017 500 4090 Asclepiadis
517 4019 627 4074 nomina
644 4019 714 4076 inter
732 4034 761 4076 se
779 4016 982 4090 transponenda
1000 4029 1068 4072 csse.
