2958 4734
527 258 567 312 bc
585 257 712 314 Callistus
732 257 832 314 fabula.

646 437 716 510 §3.

191 567 283 634 Hanc
305 573 369 634 tam
392 567 631 634 memorabilem
653 569 890 652 genealogiam,
916 587 981 650 qua
1002 569 1095 636 beros
1117 576 1165 637 est
1187 591 1258 638 cnm
1280 575 1282 580 ’

104 669 168 735 deo
190 671 366 754 copulatus,
388 674 498 736 auctor
512 669 616 753 gentis
632 689 702 736 oum
721 669 782 737 deo
800 670 954 754 indigena
968 676 1000 736 et
1014 671 1258 740 honoratimimo

104 769 391 853 antiquissimoque
412 771 573 838 Arcadum
587 775 620 854 ¹),
649 771 802 838 ascivisse
829 772 970 855 videtur,
1001 773 1056 854 qui
1078 772 1259 856 Epimenidi

104 877 212 940 aetate
230 873 393 958 proximus
415 878 472 955 est,
495 874 709 940 Anscnruus.
753 875 804 941 De
825 873 886 941 hoc
907 875 991 940 enim
1012 873 1045 938 in
1068 874 1181 941 eodem
1202 875 1259 941 illc

104 976 252 1055 catalogo
274 976 334 1041 sub
356 976 452 1042 linem
474 975 556 1041 hacc
577 975 790 1058 proferuntur:
813 973 984 1056 Αἰσχύλος
1002 974 1037 1039 δὲ
1056 973 1114 1041 δύο
1130 978 1257 1058 Πᾶνας,

103 1073 162 1140 τὸν
176 1075 238 1159 μὲν
252 1075 347 1156 Διός,
363 1075 401 1143 ὃν
415 1078 472 1142 καὶ
488 1074 636 1157 δίδυμον,
650 1072 709 1140 τὸν
725 1073 761 1140 δὲ
777 1075 905 1159 Κρόνου
921 1081 976 1154 (sc.
990 1081 1115 1162 φησίν).
1144 1079 1260 1162 Agitur

104 1177 145 1244 de
180 1179 442 1262 interpretatione
473 1177 609 1245 nominis
652 1175 796 1260 δίδυμος.
854 1179 1005 1244 Welcker
1038 1179 1072 1244 in
1106 1181 1260 1247 Doctrina

104 1280 240 1347 deorum
262 1280 374 1345 Graec.
390 1279 436 1360 (ll
458 1299 488 1363 p.
504 1283 566 1344 659
581 1278 656 1345 adn.
673 1281 725 1358 20)
748 1281 844 1347 Panis
868 1279 994 1346 videtur
1014 1299 1187 1362 agnoscere
1208 1301 1258 1348 co-

104 1401 260 1464 gnomen;
283 1387 448 1464 comparat
462 1381 546 1447 enlm
563 1380 743 1465 Apollinem
758 1381 973 1468 Didymaeum
989 1382 1057 1463 (qni
1072 1372 1140 1446 άντὸ
1158 1379 1258 1447 Asos.

103 1505 177 1563 μων
192 1484 252 1570 τῆς
266 1475 423 1566 Μιλήτου
437 1479 544 1548 τόντου
560 1482 735 1566 dicebatur,
751 1491 786 1551 ut
801 1489 851 1550 est
869 1485 901 1550 in
918 1485 1016 1551 schol.
1039 1483 1082 1550 ad
1096 1483 1257 1569 Aristoph.
1296 1491 1299 1502 '

103 1585 179 1666 Lys.
203 1583 331 1666 1281)²)
355 1588 386 1650 et
408 1584 617 1668 Amyclaeum
639 1584 748 1666 (quem
769 1585 963 1672 τετράχειρα
985 1585 1041 1651 καὶ
1061 1583 1258 1672 τετράωτον,

105 1684 342 1769 quodammodo
377 1686 475 1767 igitur
509 1685 669 1771 geminum
705 1687 804 1755 fnisse
835 1688 979 1756 Sosibius
1013 1686 1145 1754 tradidit
1173 1687 1260 1772 apud

104 1787 224 1854 Zenob.
240 1790 255 1852 I
271 1791 325 1867 54)
335 1792 369 1863 ³).
406 1787 458 1853 Ad
481 1806 576 1870 quam
599 1788 789 1855 sententiam
812 1789 898 1856 baud
921 1788 1018 1854 dubie
1040 1789 1188 1855 inductus
1211 1793 1260 1855 est

103 1888 195 1955 initIo
217 1889 358 1956 fabellae
381 1909 421 1954 ex
444 1888 631 1955 collectione
653 1889 750 1957 fabul.
774 1892 910 1959 Vindob.
933 1891 1071 1975 petitae,
1100 1909 1194 1973 quam
1217 1890 1260 1956 ad

105 1990 188 2056 bunc
209 1992 316 2058 locum
345 1990 568 2057 illustrandum
597 1989 699 2058 affert.
747 1994 792 2059 At
818 1994 943 2060 inillam
971 1992 1058 2058 istud
1087 2013 1150 2059 non
1179 1991 1260 2059 vidit

104 2098 286 2176 corruptum
315 2113 395 2159 esse.
440 2092 524 2172 Quid
553 2093 755 2160 scribendum
784 2094 841 2176 sit,
871 2093 991 2179 optime
1020 2094 1204 2177 intelleges,
1232 2094 1261 2159 si

105 2195 258 2262 fabellam
282 2216 352 2261 cum
375 2194 446 2278 ipso
469 2194 538 2261 eins
560 2195 647 2262 fonte
669 2196 900 2280 composueris:

102 2397 134 2455 ἐν
151 2393 315 2470 μεγάροισι]
329 2399 480 2466 repugnat).
510 2397 636 2465 Nympho
649 2397 719 2452 enim
736 2397 780 2451 vix
798 2403 839 2451 est
856 2397 967 2452 dubium
985 2398 1049 2466 quin
1061 2404 1089 2452 et
1106 2397 1259 2452 eaiutelle-

102 2483 190 2551 genda
208 2483 253 2545 sit,
274 2495 345 2549 quae
356 2480 438 2536 Panis
455 2481 628 2536 vaticinantis
646 2480 744 2535 dicitur
761 2496 861 2550 parens
879 2482 962 2536 fulsse
979 2482 1007 2535 in
1024 2482 1149 2550 Apollod.
1163 2481 1233 2536 Bibl.
1247 2482 1261 2534 1

104 2574 129 2632 4,
150 2571 172 2633 l,
191 2557 361 2624 3Ἇντάλλων
378 2565 409 2622 δὲ
426 2562 478 2636 τὴν
493 2561 633 2636 μαντικὴν
649 2559 754 2634 μαθὼν
771 2561 851 2637 παρά
869 2569 922 2623 τοῦ
942 2560 1037 2631 Πανὸς
1055 2569 1107 2622 τοῦ
1125 2561 1194 2632 Διὸς
1212 2570 1260 2622 καὶ

107 2647 264 2725 θάμβρεως
287 2652 335 2717 (sic
359 2651 430 2706 enim
452 2650 568 2706 editores
592 2666 653 2705 cnm
676 2650 761 2718 Aegio
783 2666 833 2720 pro
858 2650 979 2706 codicum
1001 2651 1117 2705 lectione
1140 2641 1260 2725 ὕβρεως,

105 2751 185 2806 quam
204 2737 287 2792 etism
304 2737 417 2792 Taetaes
436 2736 471 2791 ad
488 2735 626 2806 Lycophr.
646 2740 695 2790 772
718 2736 802 2791 babet
817 2737 882 2792 hinc
902 2735 1026 2790 nimirum
1048 2736 1175 2804 pstttam,
1199 2753 1260 2791 cum

103 2822 173 2876 illud
190 2824 279 2877 exstet
296 2823 324 2876 in
342 2823 454 2890 Argum.
467 2819 544 2875 Pind.
558 2819 636 2889 Pyth.
656 2826 684 2874 et
701 2821 790 2890 ipsum
808 2837 838 2878 sc
851 2821 1020 2878 commendet
1036 2819 1163 2875 fabellam
1181 2837 1259 2890 spec·

105 2907 183 2972 tanti,
202 2907 237 2962 cl.
253 2907 346 2976 Hepnc
362 2906 397 2960 ad
409 2904 535 2975 Apollod.
554 2908 582 2958 et
598 2904 726 2960 Wclckcr
737 2907 833 2963 Doctr.
846 2907 872 2963 d.
887 2908 932 2963 Gr.
946 2907 973 2960 ll
990 2922 1017 2975 p.
1031 2909 1090 2971 659,
1108 2905 1153 2974 qui
1170 2909 1260 2960 tamen

105 2991 214 3057 erravit,
233 3007 294 3046 cum
312 2992 414 3046 Panem
438 2990 519 3044 etiam
537 2989 638 3059 Hybris
662 2991 690 3043 et
707 2989 836 3046 Mercurii
859 2991 978 3046 fillnma
1001 2989 1137 3043 veteribus
1160 2989 1261 3043 dictum

106 3093 166 3134 esse
184 3076 293 3145 scripsit
309 3092 336 3145 p.
351 3079 420 3141 665).
450 3073 573 3142 Denique
591 3072 625 3127 de
636 3073 762 3143 nymphis
774 3075 855 3130 Panis
873 3073 1024 3129 nutricibus
1036 3072 1097 3126 vide
1108 3072 1261 3127 PausVIII

107 3167 150 3228 30,
163 3165 193 3230 3;
207 3166 234 3216 ct
249 3162 283 3214 de
295 3160 396 3215 eisdem
408 3174 469 3214 cunr
482 3157 557 3213 Pane
569 3158 645 3212 cultu
657 3159 807 3216 coniunctis
824 3159 883 3214 vide
894 3159 976 3212 Psus.
989 3157 1056 3222 134,
1070 3159 1085 3208 3
1104 3159 1131 3211 et
1144 3155 1169 3208 X
1182 3160 1222 3223 32,
1236 3163 1259 3221 7,

108 3248 143 3302 cf.
156 3246 237 3301 etiam
243 3243 475 3300 Welcueruoctr.
483 3242 509 3297 d.
520 3243 567 3296 Gr.
577 3241 605 3295 Π
613 3258 640 3310 p.
648 3245 707 3297 664.
731 3243 829 3311 Οοοτο,
838 3238 971 3298 ‘Heroen
981 3258 1008 3295 u.
1020 3235 1260 3308 Gottergestslten'

107 3336 128 3386 t.
138 3330 226 3385 XXII.
259 3323 363 3384 ‘Mittb
382 3328 408 3383 d.
426 3327 453 3383 d.
472 3326 548 3381 arch.
560 3325 629 3381 Inst.
647 3326 675 3380 iu
687 3321 760 3381 Aru?
775 3327 799 3382 V
817 3345 844 3397 p.
856 3331 913 3394 208,
931 3332 950 3380 t.
961 3326 1023 3381 VII.
1049 3321 1131 3383 ‘Bull
1146 3327 1179 3383 de
1191 3343 1260 3385 corr.

105 3408 178 3471 hell'
191 3415 215 3471 V
233 3431 260 3484 p.
274 3417 322 3469 351
333 3429 402 3483 sqq,
420 3417 440 3466 t.
452 3411 515 3467 Vll.
1147 3453 1151 3464 .

194 3503 218 3565 l)
234 3491 402 3573 Ἐπιχάριος
413 3496 490 3552 audIt
500 3496 574 3566 apud
585 3496 667 3552 Pons.
680 3495 746 3550 VIII
759 3501 800 3564 26,
813 3501 838 3566 2,
856 3500 935 3556 θεῶν
951 3490 1146 3572 άρχαιότατάς
1164 3517 1195 3553 τε
1212 3501 1261 3554 καὶ

106 3580 279 3654 τιμιώτατος
295 3585 370 3653 apud
387 3583 468 3638 DIon.
486 3581 549 3637 Hal.
568 3581 641 3637 132.
672 3582 713 3638 cl.
732 3583 813 3638 etium
832 3583 912 3638 Pans.
933 3581 999 3636 VIII
1018 3586 1059 3650 37,
1079 3587 1108 3636 11
1135 3586 1213 3638 θεῶν
1230 3582 1261 3638 δὲ

107 3665 217 3740 ὁμοίως
241 3677 303 3734 τοῖς
326 3663 605 3732 acascomarcos
627 3663 720 3742 τούτῳ
743 3667 857 3736 μέτεστι
879 3672 921 3744 τῷ
945 3669 1018 3724 Πανὶ
1040 3662 1207 3740 άνθριάπων
1229 3686 1260 3722 τε

106 3749 192 3826 εὐχάς
210 3751 291 3827 οἴγειν
307 3751 337 3818 ἐς
355 3752 437 3818 τέλος
454 3755 503 3808 καὶ
521 3745 611 3809 ὁποῖα
629 3747 722 3809 ἔοικεν
740 3745 898 3810 άποδοῦναι
919 3759 1070 3822 πονηροῖς,
1093 3754 1120 3805 et
1137 3764 1207 3818 quae
1223 3751 1259 3806 id.

104 3839 171 3897 VIII
189 3843 259 3904 31‚3
278 3853 312 3892 ex
330 3836 519 3906 epigrammcte
536 3836 627 3894 refert.

195 3928 220 3991 2)
237 3923 279 3980 cf.
298 3921 454 3977 Welclrerl
471 3937 499 3990 p.
513 3925 572 3976 527.
602 3921 694 3988 unger
711 3918 746 3975 sd
763 3920 846 3975 Arist.
864 3920 883 3975 l.
896 3921 914 3975 l.

192 4012 219 4076 3)
236 4007 278 4064 01.
300 4005 453 4063 Welclrerl
467 4022 498 4075 p.
509 4009 560 4060 472
571 4020 629 4076 sqq.
