2988 4728
507 283 549 338 De
567 283 694 340 callistus
711 284 811 340 fabula.
1172 291 1235 350 345

78 455 234 533 Quicum
257 453 392 522 Callisto
414 453 513 520 filiam
536 456 657 523 faceret
679 456 855 541 Lycaonis,
884 457 1012 542 Pelasgi
1034 457 1107 542 filii,
1137 463 1234 529 Arca-

76 556 149 622 dico
172 575 246 621 eam
268 556 401 624 inseruit
422 577 533 640 regum
555 557 715 624 stemmati
726 557 759 641 ¹).
797 558 903 639 Atque
924 559 1020 626 huius
1034 559 1122 628 haud
1136 563 1235 630 dubie

76 656 260 725 auctoritati
276 657 479 725 tribuendum
496 657 646 742 estquod
664 662 793 742 praeter
803 659 884 726 duos
896 661 1101 745 genealogos,
1117 664 1232 732 Phere-

76 759 193 843 cydem
215 763 249 824 et
270 758 414 844 ignotum
437 759 630 827 scholiastae
645 758 810 843 Euripidei
831 768 1003 848 auctorem,
1026 784 1107 846 quos
1130 764 1232 832 diver-

75 880 144 926 sam
162 861 352 927 memoriam
367 861 559 945 praetulisse
573 860 764 945 videbimus,
780 863 1010 946 posterioribus
1026 865 1067 932 de
1083 867 1234 951 Lycaone

76 959 228 1027 Callistus
251 970 343 1044 patre
370 966 502 1030 constat.
547 963 631 1028 Nam
660 970 696 1029 ut
722 964 863 1046 reliquos
885 964 1043 1050 Graecos,
1072 967 1118 1034 ita
1146 968 1235 1054 ipsos

74 1063 132 1128 illa
153 1064 302 1130 Arcades
324 1065 435 1131 tenuit.
480 1065 550 1132 Hoc
571 1065 700 1147 quidem
733 1085 773 1131 ex
802 1064 895 1152 titulo
921 1065 1074 1134 discimus
1097 1070 1234 1154 Delphis

75 1185 179 1248 nuper
200 1172 338 1250 reperto,
362 1186 457 1248 quem
474 1168 642 1250 Pomptow
658 1161 792 1250 t‘Mitth.
809 1166 839 1232 d.
856 1165 887 1232 d.
903 1168 990 1233 arch.
1006 1169 1082 1234 lust.
1099 1169 1132 1235 in
1147 1163 1230 1237 Aah?

78 1269 159 1332 1889
182 1286 214 1350 p.
234 1266 287 1352 17)
311 1267 413 1335 edidit
435 1277 467 1336 et
489 1269 549 1336 sub
571 1289 711 1354 pugnam
726 1268 937 1351 Leuctricam,
960 1290 990 1336 a.
1012 1270 1079 1336 lere
1095 1275 1167 1357 369,
1191 1274 1233 1339 ab

76 1369 257 1436 Arcadibus
279 1369 452 1437 foederatis
474 1391 546 1436 cum
569 1369 684 1436 statuis
706 1369 848 1453 Apollini
871 1371 1013 1438 dicatum
1035 1390 1106 1437 esse
1128 1378 1233 1440 osten·

76 1471 131 1554 dit,
156 1491 229 1537 cum
252 1472 346 1538 simul
368 1472 562 1538 Pausaniam
577 1473 608 1536 X
624 1475 688 1555 9,5
712 1473 795 1538 falsa
817 1473 997 1557 prodidisse
1020 1474 1234 1541 convinceret.

76 1573 157 1640 llum
180 1575 286 1640 facere
306 1593 369 1640 nou
392 1592 522 1657 possum
545 1573 621 1656 quin
644 1571 798 1641 hocloco
820 1582 978 1661 repetam:

115 1668 231 1740 Πύθι’
250 1669 423 1753 Ἄπολλον
446 1668 566 1754 [ἅν]αξ,
591 1667 677 1753 τά[ὄ’
705 1667 872 1769 ᾇγάλγιαν’
899 1675 1041 1755 ἕλδωλκεν
1057 1670 1213 1764 ἀπαρχάς

163 1769 340 1859 αὐτόχθων
364 1777 456 1863 ἱερᾶς
479 1774 559 1852 λαὸς
582 1768 655 1854 ἆ[νι’
678 1766 883 1861 ²Aprrcrrillocg·

115 1885 227 1964 Νίκηγ
252 1878 432 1944 Καλλιστώ
455 1903 491 1944 cs
513 1875 723 1957 Λνκά[νιδα],
747 1881 803 1964 τῆι
824 1871 916 1957 croln³
947 1877 1069 1966 ἐμίχθη

162 1979 255 2062 Ζεύς,
281 1980 371 2067 ἱεροῦ
394 1980 429 2046 δὲ
451 1984 565 2064 γένους
583 1971 746 2063 ἈρκμλόἺ
771 1978 875 2066 ἐ’φνσε
896 1978 1021 2066 κολρον·

116 2081 154 2148 ἐκ
175 2085 235 2148 τοῦ
258 2075 289 2146 δ’
314 2069 354 2172 ἦν
370 2076 509 2159 Ἔλατος
531 2085 586 2148 καὶ
605 2073 793 2169 Ἆφε[ίιλ]ας
815 2075 874 2170 ἠδὲ
895 2084 963 2160 alai
980 2075 1091 2166 Ἀζάν,

160 2181 238 2261 τοὺς
261 2177 292 2248 d'
313 2177 437 2270 Ἐρατώ
461 2183 576 2272 νύμφα
598 2177 723 2269 γείνατ’
750 2182 784 2250 ἒν
802 2176 1006 2270 Maeotidos·

116 2284 325 2368 Λαοδάμεια
348 2279 381 2349 d'
408 2285 515 2353 ἔτικτε
540 2288 719 2374 Τρίφυλον,
743 2300 827 2362 παῖς
845 2279 1091 2370 Ἀ[μύκλαντος,

163 2393 192 2452 Γ
191 2387 328 2473 ογγύλοο
352 2386 386 2453 ἐκ
407 2387 529 2474 κούρας
552 2381 584 2452 δ’
610 2374 650 2476 ἦν
668 2380 829 2470 Ἀμιλοῦς
844 2382 1008 2474 ”Euploea

115 2490 223 2557 ταῖνδε
245 2491 299 2555 σοὶ
324 2487 488 2574 ἒκγενέιαι
509 2489 755 2573 Λακεδαίμονα
779 2487 993 2576 ὁη[ιώσαντες

157 2585 320 2679 Ἀρκάδες
342 2590 486 2678 ’ἔστησαν
508 2585 610 2680 μνῆμ’
638 2590 893 2676 ἐπιγινομένοις.

160 2698 310 2761 Attamen
331 2694 364 2759 in
387 2694 528 2761 Arcadia
551 2694 611 2762 etsi
633 2694 856 2778 genealogiam
878 2691 957 2776 (non
977 2692 1055 2760 item
1077 2692 1234 2776 fabulam)

73 2796 272 2866 Hesiodeam
288 2795 420 2881 publica
435 2798 624 2863 auctoritate
640 2798 795 2863 sancitam
810 2795 1000 2880 invenimus,
1023 2816 1086 2862 non
1102 2796 1233 2863 defuere

74 2898 132 2984 qui
152 2919 213 2965 nec
235 2904 358 2983 patrem
381 2898 564 2981 acciperent
585 2918 644 2963 uec
666 2896 754 2964 filiae
774 2917 901 2964 nomen.
936 2892 1126 2960 ‘Aricethcr
1148 2898 1234 2963 enim

73 3005 244 3084 Tegeates,
260 3000 463 3065 historiarum
478 2991 625 3082 scriptor'
644 3033 687 3043 -—
702 2998 806 3082 inquit
822 2998 968 3081 Hyginus
983 2998 1016 3062 in
1031 2997 1157 3062 Astron.
1169 2999 1202 3063 ΙΙ
1219 3005 1231 3060 l

72 3104 128 3187 (cf.
140 3123 237 3185 supra
248 3122 277 3186 p.
292 3102 368 3185 305)
384 3138 425 3148 -
438 3095 515 3167 ‘uon
531 3099 662 3182 Oalisto,
678 3100 736 3166 sed
751 3100 928 3184 Megisto
944 3099 1022 3164 dicit
1037 3097 1234 3182 appellatam

74 3213 108 3272 et
129 3226 193 3271 non
215 3204 384 3288 Lycaonis,
408 3203 464 3268 sed
488 3202 578 3270 Cetei
599 3201 709 3284 filiam,
734 3200 893 3287 Lycaonis
922 3190 1067 3285 neptem.²
1115 3200 1234 3263 Phere-

73 3306 170 3390 cydes
193 3311 301 3372 autem
323 3307 356 3371 in
379 3306 484 3390 Apoll.
508 3304 590 3372 Bibl.
613 3305 786 3388 1118‚.a,a
810 3308 936 3370 etcum
959 3323 997 3370 ao
1019 3301 1119 3370 schol.
1143 3302 1232 3370 Euri·

74 3406 192 3493 pideus
215 3407 257 3473 ad
280 3408 333 3475 Or.
353 3411 435 3473 1646
446 3407 472 3491 ²)
495 3406 582 3474 Cetei
606 3405 706 3471 filiam
728 3405 850 3474 faciunt
872 3405 1059 3472 Callisto.
1104 3405 1174 3472 Iam
1196 3406 1234 3490 si,

163 3614 187 3675 1)
206 3608 352 3664 Hesiodum
370 3625 385 3663 e
403 3609 481 3678 frgm.
501 3613 602 3664 ἰθ-72
620 3608 663 3664 ed.
682 3607 732 3662 Rz.
751 3606 880 3662 discimus
899 3622 1123 3663 commemorasse
1140 3606 1234 3662 Pelas-

74 3709 138 3764 gum
156 3694 185 3747 in
202 3693 322 3747 Arcadia
339 3698 412 3748 terra
429 3693 544 3758 editum,
569 3693 724 3762 Lycaonem
746 3692 804 3747 eius
821 3692 920 3758 filium,
944 3692 1079 3763 Lycaonis
1103 3691 1234 3756 subolem,

76 3779 156 3835 simul
174 3779 339 3833 enumeratis
363 3793 433 3848 quae
458 3779 571 3848 quisque
595 3777 759 3833 condidisset
780 3775 1041 3846 oppidis.³-1bidem
1064 3791 1130 3831 num
1153 3775 1234 3830 etiam

77 3863 205 3918 Callistus
224 3878 267 3917 res
281 3869 408 3918 narratae
430 3862 540 3928 ineunt,
558 3863 692 3918 incertum
710 3862 884 3932 relinquitur:
903 3877 967 3918 uam
984 3865 1133 3930 potuerunt
1149 3860 1188 3914 illi
1205 3861 1235 3915 in

76 3947 223 4016 catalogis,
242 3948 294 4002 hae
311 3948 340 4002 in
357 3949 440 4003 Eoeis
458 3948 580 4003 uectari.

163 4035 188 4100 2)
206 4031 248 4087 Ne
266 4033 411 4102 suspicaris
431 4035 579 4088 stemmatis
598 4047 615 4086 a
632 4033 778 4090 scholiasta
795 4032 895 4102 prolati
912 4012 1050 4087 auctorem
1062 4045 1122 4087 esse
1133 4031 1235 4087 Phere-

16 4143 18 4268 μ
126 4125 247 4178 Leiprlger
260 4125 362 4168 Studien.
378 4127 424 4168 llll.
1046 4120 1078 4170 23
