2958 4734
229 277 290 336 266
666 277 833 334 Reinboldus
851 277 940 332 Franz

230 450 346 517 mentis
367 449 559 516 Nasonianis
580 449 686 516 alieno
708 449 838 515 fabulae
859 449 929 516 loco
958 447 1079 532 (exstat
1102 451 1135 518 in
1157 451 1238 532 fine,
1272 450 1395 520 debuit

229 552 336 632 initio)
366 551 518 617 insertum
547 557 597 616 est
624 557 656 616 et
683 551 716 616 in
743 551 994 618 Eratosthenicis
1022 549 1065 616 ad
1093 550 1230 634 priorem
1261 559 1393 620 tantum

229 659 355 739 spectat
368 652 558 719 narrationis
573 657 706 738 partem,
720 672 815 733 quam
828 652 996 737 Amphidis
1011 653 1122 720 fabula
1133 653 1261 737 excipit,
1273 673 1391 738 quam-

230 775 292 838 que
314 776 355 822 ne
379 754 520 821 Hesiodo
543 755 740 820 vindicemus
761 756 939 839 genealogo
961 755 1041 821 nihil
1063 756 1178 822 obstat.

316 855 559 922 Hesiodeam
580 856 676 940 igitur
698 856 877 923 fabulam
900 863 985 923 certo
1009 857 1285 942 recuperavimus,
1310 879 1391 926 nea

230 967 363 1024 tamen
385 962 529 1023 tenemus
550 957 718 1041 plenam.
763 959 821 1024 Est
843 958 928 1023 enim
949 966 1094 1042 apertum
1116 964 1244 1044 poetam
1266 980 1389 1043 genea-

228 1059 338 1142 lognm
352 1058 592 1142 genealogicam
614 1059 757 1125 fabulam
772 1066 1019 1127 commemorato
1041 1068 1136 1144 partu
1150 1080 1214 1126 non
1228 1059 1387 1145 finivisse,

229 1159 288 1226 sed
311 1159 408 1227 etiam
424 1157 597 1242 addidisse;
621 1162 692 1242 quis
714 1181 822 1227 curam
837 1162 1031 1245 suscepisset
1052 1160 1192 1244 infantis,
1215 1161 1287 1246 quis
1310 1183 1388 1230 eum

229 1259 432 1345 perduxisset
463 1261 506 1328 ad
533 1260 799 1346 adulescentiam,
834 1280 928 1344 quem
961 1263 994 1327 in
1027 1263 1181 1329 montium
1210 1263 1387 1330 solitudine

229 1382 303 1429 ursa
326 1363 422 1429 enixa
444 1369 513 1430 erat
534 1363 663 1446 inopem
685 1384 724 1430 ac
746 1363 915 1430 desertum.
956 1364 1022 1444 Eis,
1045 1384 1128 1447 quae
1150 1364 1183 1428 in
1198 1365 1384 1434 Eratosthe-

228 1465 308 1532 niois
331 1465 373 1531 ad
396 1463 556 1530 Arcadem
578 1464 770 1548 pertinentia
792 1472 981 1548 sequuntur,
1011 1466 1092 1532 nihil
1113 1465 1276 1550 iuvamur,
1308 1469 1387 1555 quia

229 1573 295 1631 tam
317 1572 386 1632 arte
407 1570 546 1649 apteque
564 1584 634 1631 curn
657 1565 721 1632 fine
742 1566 784 1632 ab
800 1566 941 1633 Hesiodo
964 1566 1178 1635 abiudicando
1200 1569 1385 1654 cohaerent,

228 1673 342 1733 utnon
364 1667 406 1732 sit
423 1665 564 1750 dubium,
589 1667 666 1749 quin
680 1667 870 1735 narrationis
884 1675 995 1736 auctor
1016 1669 1049 1733 in
1066 1669 1112 1735 eis
1128 1683 1211 1751 qaae
1226 1669 1268 1734 ad
1284 1672 1384 1738 Arca·

228 1767 302 1835 dem
317 1769 452 1834 attinent
467 1767 677 1852 depingendis
693 1770 855 1854 propriam
871 1771 957 1838 viam
971 1769 1134 1854 ingressus
1148 1770 1197 1836 sit.
1224 1771 1291 1838 Sed
1306 1792 1384 1839 num

228 1869 357 1937 aliunde
380 1889 464 1952 quae
486 1869 706 1937 desideramus
728 1871 870 1957 suppleri
893 1872 1025 1956 possint,
1054 1872 1383 1957 circumspicientibus

227 1972 320 2037 nobis
343 1971 478 2056 primum
500 1991 571 2038 sese
594 1971 688 2039 offert
708 1973 804 2037 schol.
820 1973 863 2035 od
881 1972 1012 2037 Theocr.
1028 1973 1052 2034 I
1060 1971 1124 2036 123
1145 1972 1188 2039 ad
1204 1981 1383 2042 extremam

229 2075 311 2140 hanc
339 2074 468 2140 fabulae
497 2064 620 2159 partem
650 2079 809 2158 spectans.
853 2071 947 2150 Quod
973 2093 1044 2139 cum
1072 2080 1201 2159 propter
1232 2077 1383 2145 miseram

230 2176 402 2242 memoriae
418 2174 636 2241 condicionem
659 2175 816 2259 scrupulis
831 2175 1004 2240 obnoxium
1026 2177 1068 2240 sit
1090 2181 1123 2240 et
1139 2176 1382 2246 difficultatibus

228 2278 433 2359 obstructum,
455 2278 553 2361 paulo
568 2277 669 2343 fusius
685 2282 733 2344 est
751 2277 792 2341 de
815 2295 853 2342 eo
870 2274 1104 2360 disputandum.
1138 2278 1310 2362 Appiotum
1334 2289 1383 2348 est

228 2379 486 2462 Theocriteorum
508 2397 657 2446 versuum
678 2378 781 2463 primo
804 2378 917 2444 horum
940 2377 1160 2463 (1123sqq.):

188 2557 190 2560 .
286 2484 323 2564 Ὦ
345 2497 422 2563 Πὰν
444 2495 530 2576 Πάν,
554 2489 615 2562 s'c'a'
642 2495 715 2562 ἐσσὶ
737 2491 810 2560 κατ’
836 2491 924 2578 ιῦρεα
945 2494 1055 2580 μακρὰ
1077 2502 1230 2578 Λυκαίου,

292 2599 359 2664 ε’ίτε
380 2592 452 2683 σύγ’
479 2591 686 2683 appamiae
707 2601 791 2680 μέγα
813 2598 1003 2677 Μαίναλον,
1027 2590 1103 2663 ἔνθ’
1130 2595 1188 2663 ἐπὶ
1210 2601 1312 2664 νᾶσον

290 2698 352 2765 τὰν
374 2697 521 2776 Σικελάν,
540 2694 667 2772 Ἑλίκας
690 2697 725 2761 δέ
748 2698 828 2762 λίπε
850 2697 921 2782 ῥίον
934 2696 958 2780 ¹)
983 2696 1067 2763 αίντῦ
1088 2722 1124 2763 τε
1148 2701 1239 2781 σᾶμα

291 2804 371 2886 τῆνο
393 2797 620 2878 Λυκασνίόασ,
643 2796 681 2862 τὸ
705 2799 761 2863 καὶ
783 2791 988 2880 μακάρεσσιν
1011 2791 1143 2885 ἀμητόν.

228 2921 295 2987 Sub
317 2939 379 2985 uno
403 2923 575 3002 conspectu
595 2937 723 3002 ponam,
747 2917 843 2998 quale
859 2922 965 2983 exstat
986 2918 1019 2994 in
1042 2918 1206 2984 codicibus
1229 2927 1261 2989 et
1283 2921 1379 3002 quale

226 3023 424 3108 propositum
446 3025 494 3086 est
516 3019 558 3085 ab
581 3018 753 3085 Abrensio:

268 3126 292 3190 I.
315 3122 437 3207 (codd.)
466 3125 625 3187 Λυκαίωε
648 3114 715 3184 ῦττὸ
739 3122 786 3204 τῳ
857 3119 962 3202 (Aur.)
978 3123 1136 3185 Ananim:
1157 3117 1233 3204 <τὸ>
1247 3115 1313 3186 tal
1330 3126 1379 3208 τῳ]

225 3229 367 3308 Λυκαίῳ
379 3225 463 3309 φησί
475 3227 586 3306 χωρίῳ
598 3222 788 3306 καλουμένῳ
814 3226 957 3306 Λυκαίῳ
973 3222 1057 3308 φησί
1076 3223 1183 3303 χτῦμα,
1206 3213 1300 3308 ἠρίον
1322 3248 1377 3289 κα-

228 3325 434 3398 Καλλιστοῦς
815 3322 973 3405 λοῦμενον
995 3322 1214 3402 Καλλιστοῦς,

268 3425 307 3490 11.
332 3422 444 3500 ...εἰς
473 3422 491 3488 ὃ
521 3419 598 3504 ὅρος
621 3422 788 3490 ἐλθοῦσαν
858 3423 906 3500 εἰς
939 3421 957 3489 ὃ
991 3421 1180 3502 [ἐλθοῦσαν]
1213 3422 1273 3510 τὴν
1301 3433 1377 3490 Λυ-

224 3524 283 3614 τὴν
304 3523 482 3602 Λυκάονος
503 3528 674 3609 θυγατέρα
697 3527 787 3590 Καλ-
814 3525 934 3602 κάσνος
984 3521 1162 3591 Καλλιστώ
1206 3529 1376 3612 θυγατέρα

226 3625 327 3695 λιστώ
364 3621 431 3691 tal
466 3621 583 3711 Ἑρμοῦ
619 3629 789 3714 τραφῆναι
816 3621 934 3710 ἄρκτον
960 3611 1063 3692 οῦσαν
1090 3621 1157 3691 ὑπὸ
1178 3621 1295 3711 Ἑρμοῦ
1316 3653 1375 3691 τα-

225 3725 345 3816 ίίρκτον
369 3713 487 3794 οῦσαν·
816 3731 936 3816 φῆναι·

312 3935 336 3995 1)
353 3922 414 3985 λίπ’
431 3923 515 4002 ἠρίον
536 3929 645 3997 plurimi
669 3929 732 3984 edit.
750 3944 785 3984 ex
803 3928 875 3984 Bosii
900 3927 1070 3997 coniectura3
1094 3925 1158 3984 λίπε
1180 3925 1261 3997 δρίαν
1283 3929 1375 3985 maluit

223 4016 357 4068 lleinoke.
