<?xml version="1.0" encoding="UTF-8"?>
<!DOCTYPE html PUBLIC "-//W3C//DTD XHTML 1.0 Transitional//EN"
    "http://www.w3.org/TR/xhtml1/DTD/xhtml1-transitional.dtd">
<html xmlns="http://www.w3.org/1999/xhtml" xml:lang="en" lang="en">
 <head>
  <title>
</title>
<meta http-equiv="Content-Type" content="text/html;charset=utf-8" />
  <meta name='ocr-system' content='tesseract 3.04.00' />
  <meta name='ocr-capabilities' content='ocr_page ocr_carea ocr_par ocr_line ocrx_word'/>
</head>
<body>
  <div class='ocr_page' id='page_1' title='image "./decallistusfabu00frangoog_0109.png"; bbox 0 0 2988 4728; ppageno 0'>
   <div class='ocr_carea' id='block_1_1' title="bbox 268 282 976 350">
    <p class='ocr_par' dir='ltr' id='par_1_1' title="bbox 268 282 976 350">
     <span class='ocr_line' id='line_1_1' title="bbox 268 282 976 350; baseline 0 -14"><span class='ocrx_word' id='word_1_1' title='bbox 268 289 331 350; x_wconf 83' lang='grc'>334</span> <span class='ocrx_word' id='word_1_2' title='bbox 700 283 870 338; x_wconf 87' lang='lat' dir='ltr'>Reinholdus</span> <span class='ocrx_word' id='word_1_3' title='bbox 887 282 976 338; x_wconf 83' lang='lat' dir='ltr'>Franz</span> 
     </span>
    </p>
   </div>
   <div class='ocr_carea' id='block_1_2' title="bbox 268 455 1486 4106">
    <p class='ocr_par' dir='ltr' id='par_1_2' title="bbox 268 455 1486 3579">
     <span class='ocr_line' id='line_1_2' title="bbox 268 455 1423 546; baseline 0 -18"><span class='ocrx_word' id='word_1_4' title='bbox 268 461 364 528; x_wconf 87' lang='lat' dir='ltr'>vertit</span> <span class='ocrx_word' id='word_1_5' title='bbox 386 464 418 524; x_wconf 91' lang='lat' dir='ltr'>et</span> <span class='ocrx_word' id='word_1_6' title='bbox 440 464 553 542; x_wconf 85' lang='lat' dir='ltr'>postca</span> <span class='ocrx_word' id='word_1_7' title='bbox 575 455 717 540; x_wconf 87' lang='lat' dir='ltr'>Iuppiter</span> <span class='ocrx_word' id='word_1_8' title='bbox 738 455 907 522; x_wconf 88' lang='lat' dir='ltr'>miseratus</span> <span class='ocrx_word' id='word_1_9' title='bbox 933 455 965 520; x_wconf 92' lang='lat' dir='ltr'>in</span> <span class='ocrx_word' id='word_1_10' title='bbox 988 455 1114 540; x_wconf 86' lang='lat' dir='ltr'>signum</span> <span class='ocrx_word' id='word_1_11' title='bbox 1140 455 1423 546; x_wconf 83' lang='lat' dir='ltr'>(septentrionis&gt;.&#39;</span> 
     </span>
     <span class='ocr_line' id='line_1_3' title="bbox 268 555 1429 644; baseline 0.003 -17"><span class='ocrx_word' id='word_1_12' title='bbox 268 562 332 644; x_wconf 80' lang='lat' dir='ltr'>(Ex</span> <span class='ocrx_word' id='word_1_13' title='bbox 355 559 468 628; x_wconf 92' lang='lat' dir='ltr'>eodem</span> <span class='ocrx_word' id='word_1_14' title='bbox 491 560 579 626; x_wconf 84' lang='lat' dir='ltr'>fonte</span> <span class='ocrx_word' id='word_1_15' title='bbox 604 595 635 602; x_wconf 86' lang='lat'><em>-</em></span> <span class='ocrx_word' id='word_1_16' title='bbox 665 556 698 621; x_wconf 93' lang='lat' dir='ltr'>id</span> <span class='ocrx_word' id='word_1_17' title='bbox 722 557 837 624; x_wconf 85' lang='lat' dir='ltr'><strong>docent</strong></span> <span class='ocrx_word' id='word_1_18' title='bbox 859 576 942 639; x_wconf 87' lang='lat' dir='ltr'>quae</span> <span class='ocrx_word' id='word_1_19' title='bbox 964 555 1159 642; x_wconf 90' lang='lat' dir='ltr'>praecedunt</span> <span class='ocrx_word' id='word_1_20' title='bbox 1179 595 1221 605; x_wconf 88' lang='lat'><strong>—</strong></span> <span class='ocrx_word' id='word_1_21' title='bbox 1244 561 1278 624; x_wconf 93' lang='lat' dir='ltr'>in</span> <span class='ocrx_word' id='word_1_22' title='bbox 1300 563 1429 631; x_wconf 87' lang='lat' dir='ltr'>scholia</span> 
     </span>
     <span class='ocr_line' id='line_1_4' title="bbox 272 653 1430 747; baseline 0.004 -19"><span class='ocrx_word' id='word_1_23' title='bbox 272 661 445 730; x_wconf 89' lang='lat' dir='ltr'>Bemensia</span> <span class='ocrx_word' id='word_1_24' title='bbox 461 660 543 726; x_wconf 92' lang='lat' dir='ltr'>baec</span> <span class='ocrx_word' id='word_1_25' title='bbox 557 659 764 725; x_wconf 88' lang='lat' dir='ltr'>transierunt:</span> <span class='ocrx_word' id='word_1_26' title='bbox 784 653 838 705; x_wconf 93' lang='lat'>‘—</span> <span class='ocrx_word' id='word_1_27' title='bbox 855 679 937 742; x_wconf 82' lang='lat' dir='ltr'>ursa,</span> <span class='ocrx_word' id='word_1_28' title='bbox 960 658 1105 742; x_wconf 91' lang='lat' dir='ltr'>inquam</span> <span class='ocrx_word' id='word_1_29' title='bbox 1128 660 1355 747; x_wconf 86' lang='lat' dir='ltr'>transfigurata</span> <span class='ocrx_word' id='word_1_30' title='bbox 1379 675 1430 733; x_wconf 86' lang='lat' dir='ltr'>est</span> 
     </span>
     <span class='ocr_line' id='line_1_5' title="bbox 268 755 1429 851; baseline 0.005 -19"><span class='ocrx_word' id='word_1_31' title='bbox 268 766 400 833; x_wconf 87' lang='lat' dir='ltr'>Callisto</span> <span class='ocrx_word' id='word_1_32' title='bbox 409 763 555 841; x_wconf 77' lang='lat' dir='ltr'>[caliston</span> <span class='ocrx_word' id='word_1_33' title='bbox 565 761 617 840; x_wconf 76' lang='lat'>131,</span> <span class='ocrx_word' id='word_1_34' title='bbox 627 762 784 845; x_wconf 88' lang='lat' dir='ltr'>Lycaonis</span> <span class='ocrx_word' id='word_1_35' title='bbox 796 755 897 840; x_wconf 84' lang='lat' dir='ltr'>filia&#39;).</span> <span class='ocrx_word' id='word_1_36' title='bbox 921 759 1063 826; x_wconf 86' lang='lat' dir='ltr'>Adhanc</span> <span class='ocrx_word' id='word_1_37' title='bbox 1073 763 1204 847; x_wconf 88' lang='lat' dir='ltr'>respicit</span> <span class='ocrx_word' id='word_1_38' title='bbox 1214 764 1429 851; x_wconf 89' lang='lat' dir='ltr'>interpolator</span> 
     </span>
     <span class='ocr_line' id='line_1_6' title="bbox 268 858 1429 951; baseline 0.004 -18"><span class='ocrx_word' id='word_1_39' title='bbox 268 868 311 933; x_wconf 89' lang='lat' dir='ltr'>ad</span> <span class='ocrx_word' id='word_1_40' title='bbox 326 866 441 948; x_wconf 85' lang='lat' dir='ltr'>Georg.</span> <span class='ocrx_word' id='word_1_41' title='bbox 453 864 469 928; x_wconf 97' lang='lat' dir='ltr'>I</span> <span class='ocrx_word' id='word_1_42' title='bbox 482 867 543 926; x_wconf 87' lang='grc'>246</span> <span class='ocrx_word' id='word_1_43' title='bbox 559 863 641 929; x_wconf 91' lang='lat' dir='ltr'>haec</span> <span class='ocrx_word' id='word_1_44' title='bbox 657 862 830 929; x_wconf 88' lang='lat' dir='ltr'>adnotans:</span> <span class='ocrx_word' id='word_1_45' title='bbox 843 858 898 929; x_wconf 87' lang='lat' dir='ltr'>‘de</span> <span class='ocrx_word' id='word_1_46' title='bbox 910 862 1031 945; x_wconf 90' lang='lat' dir='ltr'>Helice,</span> <span class='ocrx_word' id='word_1_47' title='bbox 1049 865 1208 949; x_wconf 88' lang='lat' dir='ltr'>Lycaonis</span> <span class='ocrx_word' id='word_1_48' title='bbox 1222 865 1299 951; x_wconf 87' lang='lat' dir='ltr'>filia,</span> <span class='ocrx_word' id='word_1_49' title='bbox 1316 879 1429 938; x_wconf 89' lang='lat' dir='ltr'>amata</span> 
     </span>
     <span class='ocr_line' id='line_1_7' title="bbox 268 961 1428 1049; baseline 0.006 -15"><span class='ocrx_word' id='word_1_50' title='bbox 268 990 288 1034; x_wconf 94' lang='lat' dir='ltr'>a</span> <span class='ocrx_word' id='word_1_51' title='bbox 303 971 379 1034; x_wconf 85' lang='lat' dir='ltr'>Iove</span> <span class='ocrx_word' id='word_1_52' title='bbox 394 974 428 1034; x_wconf 91' lang='lat' dir='ltr'>et</span> <span class='ocrx_word' id='word_1_53' title='bbox 442 987 462 1031; x_wconf 91' lang='lat' dir='ltr'>a</span> <span class='ocrx_word' id='word_1_54' title='bbox 475 968 596 1033; x_wconf 92' lang='lat' dir='ltr'>Iunone</span> <span class='ocrx_word' id='word_1_55' title='bbox 621 965 653 1028; x_wconf 95' lang='lat' dir='ltr'>in</span> <span class='ocrx_word' id='word_1_56' title='bbox 670 984 777 1030; x_wconf 90' lang='lat' dir='ltr'>ursam</span> <span class='ocrx_word' id='word_1_57' title='bbox 792 971 924 1047; x_wconf 90' lang='lat' dir='ltr'>mutata,</span> <span class='ocrx_word' id='word_1_58' title='bbox 947 984 1043 1049; x_wconf 86' lang='lat' dir='ltr'>supra</span> <span class='ocrx_word' id='word_1_59' title='bbox 1058 965 1177 1033; x_wconf 90' lang='lat' dir='ltr'>dictum</span> <span class='ocrx_word' id='word_1_60' title='bbox 1194 961 1260 1035; x_wconf 65' lang='lat' dir='ltr'>est?</span> <span class='ocrx_word' id='word_1_61' title='bbox 1301 971 1428 1041; x_wconf 79' lang='lat' dir='ltr'>Eadem</span> 
     </span>
     <span class='ocr_line' id='line_1_8' title="bbox 268 1065 1430 1157; baseline 0.005 -21"><span class='ocrx_word' id='word_1_62' title='bbox 268 1070 435 1154; x_wconf 84' lang='lat' dir='ltr'>suppletur</span> <span class='ocrx_word' id='word_1_63' title='bbox 458 1069 501 1133; x_wconf 93' lang='lat' dir='ltr'>ab</span> <span class='ocrx_word' id='word_1_64' title='bbox 524 1067 750 1150; x_wconf 75' lang='lat' dir='ltr'>interpolatore</span> <span class='ocrx_word' id='word_1_65' title='bbox 773 1067 814 1132; x_wconf 90' lang='lat' dir='ltr'>ad</span> <span class='ocrx_word' id='word_1_66' title='bbox 837 1069 916 1133; x_wconf 89' lang='lat' dir='ltr'>Aen.</span> <span class='ocrx_word' id='word_1_67' title='bbox 939 1067 1029 1130; x_wconf 83' lang='grc'><strong>1744</strong></span> <span class='ocrx_word' id='word_1_68' title='bbox 1053 1069 1113 1133; x_wconf 90' lang='lat' dir='ltr'>ita:</span> <span class='ocrx_word' id='word_1_69' title='bbox 1134 1065 1228 1135; x_wconf 87' lang='lat' dir='ltr'>‘haec</span> <span class='ocrx_word' id='word_1_70' title='bbox 1250 1080 1369 1157; x_wconf 89' lang='lat' dir='ltr'>autem,</span> <span class='ocrx_word' id='word_1_71' title='bbox 1394 1085 1430 1142; x_wconf 92' lang='lat' dir='ltr'>ut</span> 
     </span>
     <span class='ocr_line' id='line_1_9' title="bbox 269 1168 1428 1261; baseline 0.005 -23"><span class='ocrx_word' id='word_1_72' title='bbox 269 1173 398 1238; x_wconf 88' lang='lat' dir='ltr'>fabulae</span> <span class='ocrx_word' id='word_1_73' title='bbox 420 1173 602 1253; x_wconf 88' lang='lat' dir='ltr'>loquuntur,</span> <span class='ocrx_word' id='word_1_74' title='bbox 625 1168 757 1234; x_wconf 86' lang='lat' dir='ltr'>Callisto</span> <span class='ocrx_word' id='word_1_75' title='bbox 780 1168 849 1251; x_wconf 86' lang='lat' dir='ltr'>fuit,</span> <span class='ocrx_word' id='word_1_76' title='bbox 872 1188 979 1234; x_wconf 91' lang='lat' dir='ltr'>comes</span> <span class='ocrx_word' id='word_1_77' title='bbox 1003 1169 1136 1251; x_wconf 90' lang='lat' dir='ltr'>Dianae,</span> <span class='ocrx_word' id='word_1_78' title='bbox 1160 1192 1257 1255; x_wconf 88' lang='lat' dir='ltr'>quarn</span> <span class='ocrx_word' id='word_1_79' title='bbox 1281 1176 1428 1261; x_wconf 90' lang='lat' dir='ltr'>Iuppiter</span> 
     </span>
     <span class='ocr_line' id='line_1_10' title="bbox 269 1271 1427 1355; baseline 0.007 -17"><span class='ocrx_word' id='word_1_80' title='bbox 269 1278 409 1340; x_wconf 88' lang='lat' dir='ltr'>mutatus</span> <span class='ocrx_word' id='word_1_81' title='bbox 431 1273 464 1337; x_wconf 91' lang='lat' dir='ltr'>in</span> <span class='ocrx_word' id='word_1_82' title='bbox 487 1271 626 1338; x_wconf 84' lang='lat' dir='ltr'><strong>Dianam</strong></span> <span class='ocrx_word' id='word_1_83' title='bbox 650 1272 821 1355; x_wconf 83' lang='lat' dir='ltr'>stupravit,</span> <span class='ocrx_word' id='word_1_84' title='bbox 851 1289 891 1335; x_wconf 83' lang='lat' dir='ltr'>ex</span> <span class='ocrx_word' id='word_1_85' title='bbox 915 1288 979 1351; x_wconf 89' lang='lat' dir='ltr'>qua</span> <span class='ocrx_word' id='word_1_86' title='bbox 1000 1277 1093 1336; x_wconf 89' lang='lat' dir='ltr'>natus</span> <span class='ocrx_word' id='word_1_87' title='bbox 1117 1276 1166 1336; x_wconf 89' lang='lat' dir='ltr'>est</span> <span class='ocrx_word' id='word_1_88' title='bbox 1187 1271 1273 1340; x_wconf 86' lang='lat' dir='ltr'>lilius</span> <span class='ocrx_word' id='word_1_89' title='bbox 1295 1278 1427 1346; x_wconf 87' lang='lat' dir='ltr'>nomine</span> 
     </span>
     <span class='ocr_line' id='line_1_11' title="bbox 269 1369 1429 1455; baseline 0.005 -15"><span class='ocrx_word' id='word_1_90' title='bbox 269 1379 378 1440; x_wconf 84' lang='lat' dir='ltr'>Arcas.</span> <span class='ocrx_word' id='word_1_91' title='bbox 424 1375 539 1440; x_wconf 82' lang='lat' dir='ltr'>Cetera</span> <span class='ocrx_word' id='word_1_92' title='bbox 560 1373 593 1437; x_wconf 91' lang='lat' dir='ltr'>in</span> <span class='ocrx_word' id='word_1_93' title='bbox 615 1372 698 1438; x_wconf 88' lang='lat' dir='ltr'>libro</span> <span class='ocrx_word' id='word_1_94' title='bbox 720 1375 735 1438; x_wconf 95' lang='grc' dir='ltr'><strong>Ι</strong></span> <span class='ocrx_word' id='word_1_95' title='bbox 758 1372 872 1454; x_wconf 83' lang='lat' dir='ltr'>Ceorg.</span> <span class='ocrx_word' id='word_1_96' title='bbox 896 1373 1020 1455; x_wconf 86' lang='lat' dir='ltr'>plenius</span> <span class='ocrx_word' id='word_1_97' title='bbox 1042 1380 1173 1439; x_wconf 89' lang='lat' dir='ltr'>narrata</span> <span class='ocrx_word' id='word_1_98' title='bbox 1195 1369 1286 1441; x_wconf 89' lang='lat' dir='ltr'>sunt&#39;</span> <span class='ocrx_word' id='word_1_99' title='bbox 1337 1379 1429 1447; x_wconf 88' lang='lat' dir='ltr'>Haec</span> 
     </span>
     <span class='ocr_line' id='line_1_12' title="bbox 269 1473 1428 1559; baseline 0.005 -17"><span class='ocrx_word' id='word_1_100' title='bbox 269 1476 396 1559; x_wconf 89' lang='lat' dir='ltr'>quidem</span> <span class='ocrx_word' id='word_1_101' title='bbox 420 1475 462 1541; x_wconf 89' lang='lat' dir='ltr'>ad</span> <span class='ocrx_word' id='word_1_102' title='bbox 485 1474 635 1540; x_wconf 89' lang='lat' dir='ltr'>Ovidium</span> <span class='ocrx_word' id='word_1_103' title='bbox 667 1475 777 1539; x_wconf 89' lang='lat' dir='ltr'>referri</span> <span class='ocrx_word' id='word_1_104' title='bbox 799 1481 946 1559; x_wconf 87' lang='lat' dir='ltr'>possunt,</span> <span class='ocrx_word' id='word_1_105' title='bbox 976 1473 1095 1541; x_wconf 88' lang='lat' dir='ltr'>debent</span> <span class='ocrx_word' id='word_1_106' title='bbox 1117 1482 1245 1556; x_wconf 90' lang='lat' dir='ltr'>praeter</span> <span class='ocrx_word' id='word_1_107' title='bbox 1267 1479 1358 1546; x_wconf 87' lang='lat' dir='ltr'>Serv.</span> <span class='ocrx_word' id='word_1_108' title='bbox 1384 1483 1428 1548; x_wconf 93' lang='lat' dir='ltr'>ad</span> 
     </span>
     <span class='ocr_line' id='line_1_13' title="bbox 268 1574 1427 1660; baseline 0.005 -18"><span class='ocrx_word' id='word_1_109' title='bbox 268 1579 384 1660; x_wconf 84' lang='lat' dir='ltr'>Ceorg.</span> <span class='ocrx_word' id='word_1_110' title='bbox 407 1577 423 1640; x_wconf 93' lang='lat'><em>1</em></span> <span class='ocrx_word' id='word_1_111' title='bbox 446 1580 508 1640; x_wconf 83' lang='grc'>246</span> <span class='ocrx_word' id='word_1_112' title='bbox 531 1595 614 1659; x_wconf 87' lang='lat' dir='ltr'>quae</span> <span class='ocrx_word' id='word_1_113' title='bbox 639 1575 707 1640; x_wconf 86' lang='lat' dir='ltr'>eius</span> <span class='ocrx_word' id='word_1_114' title='bbox 730 1575 877 1660; x_wconf 92' lang='lat' dir='ltr'>interpol.</span> <span class='ocrx_word' id='word_1_115' title='bbox 904 1576 947 1641; x_wconf 94' lang='lat' dir='ltr'>ad</span> <span class='ocrx_word' id='word_1_116' title='bbox 969 1576 1085 1660; x_wconf 78' lang='lat' dir='ltr'>Georg.</span> <span class='ocrx_word' id='word_1_117' title='bbox 1109 1580 1123 1643; x_wconf 95' lang='lat' dir='ltr'>l</span> <span class='ocrx_word' id='word_1_118' title='bbox 1147 1583 1187 1644; x_wconf 87' lang='grc'>67</span> <span class='ocrx_word' id='word_1_119' title='bbox 1210 1589 1335 1649; x_wconf 89' lang='lat' dir='ltr'>narrat:</span> <span class='ocrx_word' id='word_1_120' title='bbox 1356 1574 1427 1651; x_wconf 84' lang='lat' dir='ltr'>‘alii</span> 
     </span>
     <span class='ocr_line' id='line_1_14' title="bbox 268 1676 1427 1768; baseline 0.007 -24"><span class='ocrx_word' id='word_1_121' title='bbox 268 1676 428 1744; x_wconf 80' lang='lat' dir='ltr'>Arcadem</span> <span class='ocrx_word' id='word_1_122' title='bbox 455 1678 552 1743; x_wconf 89' lang='lat' dir='ltr'>fuisse</span> <span class='ocrx_word' id='word_1_123' title='bbox 582 1676 683 1743; x_wconf 91' lang='lat' dir='ltr'>filium</span> <span class='ocrx_word' id='word_1_124' title='bbox 713 1677 864 1744; x_wconf 82' lang='lat' dir='ltr'>Callistus</span> <span class='ocrx_word' id='word_1_125' title='bbox 894 1683 926 1744; x_wconf 92' lang='lat' dir='ltr'>et</span> <span class='ocrx_word' id='word_1_126' title='bbox 954 1678 1039 1744; x_wconf 89' lang='lat' dir='ltr'>Iovis</span> <span class='ocrx_word' id='word_1_127' title='bbox 1073 1677 1215 1762; x_wconf 87' lang='lat' dir='ltr'>&lt;dicunt:</span> <span class='ocrx_word' id='word_1_128' title='bbox 1252 1683 1325 1768; x_wconf 86' lang='lat' dir='ltr'>qni&gt;</span> <span class='ocrx_word' id='word_1_129' title='bbox 1354 1707 1427 1752; x_wconf 91' lang='lat' dir='ltr'>cum</span> 
     </span>
     <span class='ocr_line' id='line_1_15' title="bbox 269 1776 1425 1867; baseline 0.007 -22"><span class='ocrx_word' id='word_1_130' title='bbox 269 1785 403 1847; x_wconf 90' lang='lat' dir='ltr'>matrem</span> <span class='ocrx_word' id='word_1_131' title='bbox 432 1780 464 1845; x_wconf 93' lang='lat' dir='ltr'>in</span> <span class='ocrx_word' id='word_1_132' title='bbox 486 1778 620 1862; x_wconf 82' lang='lat' dir='ltr'>figuram</span> <span class='ocrx_word' id='word_1_133' title='bbox 650 1799 743 1847; x_wconf 88' lang='lat' dir='ltr'>ursae</span> <span class='ocrx_word' id='word_1_134' title='bbox 770 1780 900 1845; x_wconf 91' lang='lat' dir='ltr'>lunonis</span> <span class='ocrx_word' id='word_1_135' title='bbox 926 1776 990 1861; x_wconf 86' lang='lat' dir='ltr'>&lt;ira</span> <span class='ocrx_word' id='word_1_136' title='bbox 1019 1779 1294 1867; x_wconf 83' lang='lat' dir='ltr'>transfiguratam&gt;</span> <span class='ocrx_word' id='word_1_137' title='bbox 1322 1789 1425 1855; x_wconf 88' lang='lat' dir='ltr'>vellet</span> 
     </span>
     <span class='ocr_line' id='line_1_16' title="bbox 269 1880 1426 1968; baseline 0.004 -19"><span class='ocrx_word' id='word_1_138' title='bbox 269 1882 428 1966; x_wconf 85' lang='lat' dir='ltr'>occidere,</span> <span class='ocrx_word' id='word_1_139' title='bbox 454 1883 549 1947; x_wconf 90' lang='lat' dir='ltr'>ambo</span> <span class='ocrx_word' id='word_1_140' title='bbox 572 1881 604 1945; x_wconf 92' lang='lat' dir='ltr'>in</span> <span class='ocrx_word' id='word_1_141' title='bbox 627 1882 750 1947; x_wconf 89' lang='lat' dir='ltr'>caelum</span> <span class='ocrx_word' id='word_1_142' title='bbox 772 1880 909 1966; x_wconf 81' lang='lat' dir='ltr'>&lt;alere</span> <span class='ocrx_word' id='word_1_143' title='bbox 932 1881 1078 1947; x_wconf 90' lang='lat' dir='ltr'>translati</span> <span class='ocrx_word' id='word_1_144' title='bbox 1100 1890 1188 1967; x_wconf 86' lang='lat' dir='ltr'>sunt,</span> <span class='ocrx_word' id='word_1_145' title='bbox 1214 1883 1264 1968; x_wconf 84' lang='lat' dir='ltr'>et&gt;</span> <span class='ocrx_word' id='word_1_146' title='bbox 1285 1886 1344 1952; x_wconf 91' lang='lat' dir='ltr'>ille</span> <span class='ocrx_word' id='word_1_147' title='bbox 1366 1889 1426 1954; x_wconf 87' lang='lat' dir='ltr'>Ar-</span> 
     </span>
     <span class='ocr_line' id='line_1_17' title="bbox 268 1975 1425 2068; baseline 0.003 -17"><span class='ocrx_word' id='word_1_148' title='bbox 268 1991 384 2068; x_wconf 84' lang='lat' dir='ltr'>cturus,</span> <span class='ocrx_word' id='word_1_149' title='bbox 406 1984 464 2050; x_wconf 91' lang='lat' dir='ltr'>illa</span> <span class='ocrx_word' id='word_1_150' title='bbox 485 1983 596 2050; x_wconf 87' lang='lat' dir='ltr'>Helice</span> <span class='ocrx_word' id='word_1_151' title='bbox 618 1975 722 2050; x_wconf 65' lang='lat' dir='ltr'>dicta?</span> <span class='ocrx_word' id='word_1_152' title='bbox 763 1983 819 2048; x_wconf 91' lang='lat' dir='ltr'>Bis</span> <span class='ocrx_word' id='word_1_153' title='bbox 842 1982 1085 2049; x_wconf 87' lang='lat' dir='ltr'>scholiastarnm</span> <span class='ocrx_word' id='word_1_154' title='bbox 1108 1987 1312 2068; x_wconf 86' lang='lat' dir='ltr'>neglegentia</span> <span class='ocrx_word' id='word_1_155' title='bbox 1333 1990 1425 2057; x_wconf 84' lang='lat' dir='ltr'>fabu-</span> 
     </span>
     <span class='ocr_line' id='line_1_18' title="bbox 268 2083 1486 2175; baseline 0.007 -23"><span class='ocrx_word' id='word_1_156' title='bbox 268 2089 333 2152; x_wconf 88' lang='lat' dir='ltr'>lam</span> <span class='ocrx_word' id='word_1_157' title='bbox 366 2083 600 2170; x_wconf 86' lang='lat' dir='ltr'>pessumdedit:</span> <span class='ocrx_word' id='word_1_158' title='bbox 638 2084 769 2153; x_wconf 87' lang='lat' dir='ltr'>Servius</span> <span class='ocrx_word' id='word_1_159' title='bbox 803 2104 874 2150; x_wconf 89' lang='lat' dir='ltr'>cum</span> <span class='ocrx_word' id='word_1_160' title='bbox 909 2085 951 2150; x_wconf 92' lang='lat' dir='ltr'>ad</span> <span class='ocrx_word' id='word_1_161' title='bbox 980 2085 1113 2169; x_wconf 82' lang='lat' dir='ltr'>Vergilii</span> <span class='ocrx_word' id='word_1_162' title='bbox 1141 2087 1272 2175; x_wconf 85' lang='lat' dir='ltr'>(Georg.</span> <span class='ocrx_word' id='word_1_163' title='bbox 1302 2092 1317 2155; x_wconf 96' lang='grc' dir='ltr'>Ι</span> <span class='ocrx_word' id='word_1_164' title='bbox 1348 2095 1428 2175; x_wconf 86' lang='grc'><strong>246)</strong></span> <span class='ocrx_word' id='word_1_165' title='bbox 1485 2113 1486 2166; x_wconf 62' lang='grc' dir='ltr'>ζ</span> 
     </span>
     <span class='ocr_line' id='line_1_19' title="bbox 270 2175 1486 2271; baseline 0.007 -17"><span class='ocrx_word' id='word_1_166' title='bbox 270 2208 396 2255; x_wconf 88' lang='lat' dir='ltr'>versum</span> <span class='ocrx_word' id='word_1_167' title='bbox 415 2181 543 2252; x_wconf 87' lang='lat' dir='ltr'>‘Arctos</span> <span class='ocrx_word' id='word_1_168' title='bbox 566 2188 678 2254; x_wconf 83' lang='lat' dir='ltr'>oceani</span> <span class='ocrx_word' id='word_1_169' title='bbox 694 2191 871 2254; x_wconf 88' lang='lat' dir='ltr'>metuentes</span> <span class='ocrx_word' id='word_1_170' title='bbox 886 2204 1027 2266; x_wconf 89' lang='lat' dir='ltr'>aequore</span> <span class='ocrx_word' id='word_1_171' title='bbox 1050 2181 1145 2271; x_wconf 85' lang='lat' dir='ltr'>tingi&#39;</span> <span class='ocrx_word' id='word_1_172' title='bbox 1164 2188 1333 2259; x_wconf 88' lang='lat' dir='ltr'>adnotavit</span> <span class='ocrx_word' id='word_1_173' title='bbox 1352 2191 1429 2262; x_wconf 87' lang='lat' dir='ltr'>‘hoc</span> <span class='ocrx_word' id='word_1_174' title='bbox 1485 2175 1486 2230; x_wconf 72' lang='lat' dir='ltr'>l</span> 
     </span>
     <span class='ocr_line' id='line_1_20' title="bbox 269 2287 1486 2372; baseline 0.009 -17"><span class='ocrx_word' id='word_1_175' title='bbox 269 2293 402 2355; x_wconf 86' lang='lat' dir='ltr'>refertur</span> <span class='ocrx_word' id='word_1_176' title='bbox 429 2287 472 2352; x_wconf 91' lang='lat' dir='ltr'>ad</span> <span class='ocrx_word' id='word_1_177' title='bbox 501 2288 659 2371; x_wconf 68' lang='lat' dir='ltr'>fabulam</span> <span class='ocrx_word' id='word_1_178' title='bbox 688 2307 762 2354; x_wconf 90' lang='lat' dir='ltr'>nam</span> <span class='ocrx_word' id='word_1_179' title='bbox 794 2288 856 2354; x_wconf 89' lang='lat' dir='ltr'>hae</span> <span class='ocrx_word' id='word_1_180' title='bbox 887 2288 970 2355; x_wconf 91' lang='lat' dir='ltr'>duae</span> <span class='ocrx_word' id='word_1_181' title='bbox 999 2290 1140 2372; x_wconf 88' lang='lat' dir='ltr'>paelices</span> <span class='ocrx_word' id='word_1_182' title='bbox 1168 2293 1298 2361; x_wconf 89' lang='lat' dir='ltr'>Iunonis</span> <span class='ocrx_word' id='word_1_183' title='bbox 1328 2297 1430 2366; x_wconf 83' lang='lat' dir='ltr'>fuisse</span> <span class='ocrx_word' id='word_1_184' title='bbox 1485 2305 1486 2311; x_wconf 77' lang='grc'>’</span> 
     </span>
     <span class='ocr_line' id='line_1_21' title="bbox 269 2383 1431 2477; baseline 0.007 -19"><span class='ocrx_word' id='word_1_185' title='bbox 269 2383 441 2474; x_wconf 82' lang='lat' dir='ltr'>dicuntur&#39;,</span> <span class='ocrx_word' id='word_1_186' title='bbox 472 2389 556 2456; x_wconf 89' lang='lat' dir='ltr'>illius</span> <span class='ocrx_word' id='word_1_187' title='bbox 585 2410 696 2456; x_wconf 88' lang='lat' dir='ltr'>versus</span> <span class='ocrx_word' id='word_1_188' title='bbox 722 2392 826 2474; x_wconf 87' lang='lat' dir='ltr'>gratia</span> <span class='ocrx_word' id='word_1_189' title='bbox 855 2411 895 2458; x_wconf 84' lang='lat' dir='ltr'>ex</span> <span class='ocrx_word' id='word_1_190' title='bbox 918 2411 981 2455; x_wconf 90' lang='lat' dir='ltr'>nna</span> <span class='ocrx_word' id='word_1_191' title='bbox 1008 2392 1088 2458; x_wconf 88' lang='lat' dir='ltr'>duas</span> <span class='ocrx_word' id='word_1_192' title='bbox 1114 2394 1255 2477; x_wconf 89' lang='lat' dir='ltr'>paelices</span> <span class='ocrx_word' id='word_1_193' title='bbox 1286 2397 1431 2466; x_wconf 87' lang='lat' dir='ltr'>efficiens</span> 
     </span>
     <span class='ocr_line' id='line_1_22' title="bbox 269 2492 1430 2582; baseline 0.006 -22"><span class='ocrx_word' id='word_1_194' title='bbox 269 2495 410 2561; x_wconf 85' lang='lat' dir='ltr'>fabulam</span> <span class='ocrx_word' id='word_1_195' title='bbox 442 2493 616 2560; x_wconf 82' lang='lat' dir='ltr'>correxisse</span> <span class='ocrx_word' id='word_1_196' title='bbox 645 2493 847 2577; x_wconf 84' lang='lat' dir='ltr'>cognoscitur</span> <span class='ocrx_word' id='word_1_197' title='bbox 877 2513 941 2559; x_wconf 90' lang='lat' dir='ltr'>non</span> <span class='ocrx_word' id='word_1_198' title='bbox 968 2492 1037 2576; x_wconf 88' lang='lat' dir='ltr'>ipse</span> <span class='ocrx_word' id='word_1_199' title='bbox 1065 2493 1210 2578; x_wconf 89' lang='lat' dir='ltr'>demum,</span> <span class='ocrx_word' id='word_1_200' title='bbox 1243 2499 1301 2563; x_wconf 93' lang='lat' dir='ltr'>sed</span> <span class='ocrx_word' id='word_1_201' title='bbox 1332 2520 1430 2582; x_wconf 90' lang='lat' dir='ltr'>quem</span> 
     </span>
     <span class='ocr_line' id='line_1_23' title="bbox 269 2593 1427 2681; baseline 0.006 -18"><span class='ocrx_word' id='word_1_202' title='bbox 269 2601 396 2663; x_wconf 85' lang='lat' dir='ltr'>secutus</span> <span class='ocrx_word' id='word_1_203' title='bbox 417 2599 466 2660; x_wconf 89' lang='lat' dir='ltr'>cst</span> <span class='ocrx_word' id='word_1_204' title='bbox 488 2599 599 2660; x_wconf 88' lang='lat' dir='ltr'>auctor</span> <span class='ocrx_word' id='word_1_205' title='bbox 622 2597 671 2672; x_wconf 85' lang='lat' dir='ltr'>(cf.</span> <span class='ocrx_word' id='word_1_206' title='bbox 694 2617 724 2679; x_wconf 93' lang='lat' dir='ltr'>p.</span> <span class='ocrx_word' id='word_1_207' title='bbox 745 2593 831 2679; x_wconf 87' lang='grc'><strong>333).</strong></span> <span class='ocrx_word' id='word_1_208' title='bbox 868 2595 945 2660; x_wconf 90' lang='lat' dir='ltr'>Plus</span> <span class='ocrx_word' id='word_1_209' title='bbox 968 2596 1063 2662; x_wconf 88' lang='lat' dir='ltr'>etiarn</span> <span class='ocrx_word' id='word_1_210' title='bbox 1086 2597 1233 2678; x_wconf 88' lang='lat' dir='ltr'>peccavit</span> <span class='ocrx_word' id='word_1_211' title='bbox 1254 2601 1310 2681; x_wconf 91' lang='lat' dir='ltr'>qui</span> <span class='ocrx_word' id='word_1_212' title='bbox 1326 2603 1427 2670; x_wconf 91' lang='lat' dir='ltr'>Probi</span> 
     </span>
     <span class='ocr_line' id='line_1_24' title="bbox 270 2696 1433 2785; baseline 0.007 -21"><span class='ocrx_word' id='word_1_213' title='bbox 270 2701 395 2765; x_wconf 92' lang='lat' dir='ltr'>illustre</span> <span class='ocrx_word' id='word_1_214' title='bbox 417 2714 533 2761; x_wconf 90' lang='lat' dir='ltr'>nomen</span> <span class='ocrx_word' id='word_1_215' title='bbox 556 2697 633 2778; x_wconf 88' lang='lat' dir='ltr'>fert,</span> <span class='ocrx_word' id='word_1_216' title='bbox 661 2715 731 2759; x_wconf 87' lang='lat' dir='ltr'>oum</span> <span class='ocrx_word' id='word_1_217' title='bbox 754 2717 816 2762; x_wconf 90' lang='lat' dir='ltr'>non</span> <span class='ocrx_word' id='word_1_218' title='bbox 839 2698 941 2762; x_wconf 89' lang='lat' dir='ltr'>solum</span> <span class='ocrx_word' id='word_1_219' title='bbox 964 2697 1097 2763; x_wconf 89' lang='lat' dir='ltr'>Callisto</span> <span class='ocrx_word' id='word_1_220' title='bbox 1121 2696 1195 2763; x_wconf 90' lang='lat' dir='ltr'>dum</span> <span class='ocrx_word' id='word_1_221' title='bbox 1218 2703 1357 2785; x_wconf 83' lang='lat' dir='ltr'>gravida</span> <span class='ocrx_word' id='word_1_222' title='bbox 1380 2715 1433 2772; x_wconf 91' lang='lat' dir='ltr'>est</span> 
     </span>
     <span class='ocr_line' id='line_1_25' title="bbox 273 2798 1428 2876; baseline 0.007 -12"><span class='ocrx_word' id='word_1_223' title='bbox 273 2819 293 2864; x_wconf 91' lang='lat' dir='ltr'>a</span> <span class='ocrx_word' id='word_1_224' title='bbox 315 2800 436 2863; x_wconf 89' lang='lat' dir='ltr'>Iunone</span> <span class='ocrx_word' id='word_1_225' title='bbox 459 2800 623 2876; x_wconf 87' lang='lat' dir='ltr'>mutatam,</span> <span class='ocrx_word' id='word_1_226' title='bbox 646 2816 757 2862; x_wconf 88' lang='lat' dir='ltr'>verum</span> <span class='ocrx_word' id='word_1_227' title='bbox 781 2798 876 2863; x_wconf 92' lang='lat' dir='ltr'>etiam</span> <span class='ocrx_word' id='word_1_228' title='bbox 892 2798 1052 2865; x_wconf 85' lang='lat' dir='ltr'>Arcadem</span> <span class='ocrx_word' id='word_1_229' title='bbox 1076 2799 1107 2862; x_wconf 93' lang='lat' dir='ltr'>in</span> <span class='ocrx_word' id='word_1_230' title='bbox 1131 2800 1267 2868; x_wconf 91' lang='lat' dir='ltr'>eandem</span> <span class='ocrx_word' id='word_1_231' title='bbox 1289 2806 1428 2872; x_wconf 89' lang='lat' dir='ltr'>formam</span> 
     </span>
     <span class='ocr_line' id='line_1_26' title="bbox 269 2897 1431 2988; baseline 0.003 -20"><span class='ocrx_word' id='word_1_232' title='bbox 269 2920 460 2969; x_wconf 87' lang='lat' dir='ltr'>conversum</span> <span class='ocrx_word' id='word_1_233' title='bbox 477 2917 548 2965; x_wconf 88' lang='lat' dir='ltr'>esse</span> <span class='ocrx_word' id='word_1_234' title='bbox 563 2897 696 2964; x_wconf 87' lang='lat' dir='ltr'>tradidit</span> <span class='ocrx_word' id='word_1_235' title='bbox 710 2899 753 2964; x_wconf 92' lang='lat' dir='ltr'>ad</span> <span class='ocrx_word' id='word_1_236' title='bbox 770 2899 884 2980; x_wconf 82' lang='lat' dir='ltr'>Georg.</span> <span class='ocrx_word' id='word_1_237' title='bbox 901 2900 916 2963; x_wconf 95' lang='grc' dir='ltr'><strong>Ι</strong></span> <span class='ocrx_word' id='word_1_238' title='bbox 936 2904 994 2964; x_wconf 85' lang='grc'>138</span> <span class='ocrx_word' id='word_1_239' title='bbox 1011 2901 1056 2984; x_wconf 89' lang='lat' dir='ltr'>(p.</span> <span class='ocrx_word' id='word_1_240' title='bbox 1073 2905 1113 2964; x_wconf 82' lang='grc'>25</span> <span class='ocrx_word' id='word_1_241' title='bbox 1129 2901 1235 2984; x_wconf 74' lang='lat' dir='ltr'>Keill:</span> <span class='ocrx_word' id='word_1_242' title='bbox 1252 2898 1431 2988; x_wconf 86' lang='lat' dir='ltr'>‘Lycaonis</span> 
     </span>
     <span class='ocr_line' id='line_1_27' title="bbox 271 3001 1429 3087; baseline 0.005 -18"><span class='ocrx_word' id='word_1_243' title='bbox 271 3010 383 3071; x_wconf 89' lang='lat' dir='ltr'>arcton</span> <span class='ocrx_word' id='word_1_244' title='bbox 407 3001 485 3068; x_wconf 91' lang='lat' dir='ltr'>dicit</span> <span class='ocrx_word' id='word_1_245' title='bbox 507 3001 754 3085; x_wconf 89' lang='lat' dir='ltr'>septentrionem</span> <span class='ocrx_word' id='word_1_246' title='bbox 786 3008 817 3067; x_wconf 94' lang='lat' dir='ltr'>et</span> <span class='ocrx_word' id='word_1_247' title='bbox 845 3002 1051 3087; x_wconf 85' lang='lat' dir='ltr'>vulgarem</span> <span class='ocrx_word' id='word_1_248' title='bbox 1080 3003 1222 3084; x_wconf 86' lang='lat' dir='ltr'>sequitur</span> <span class='ocrx_word' id='word_1_249' title='bbox 1249 3004 1429 3076; x_wconf 89' lang='lat' dir='ltr'>historiam.</span> 
     </span>
     <span class='ocr_line' id='line_1_28' title="bbox 272 3104 1485 3198; baseline 0.002 -24"><span class='ocrx_word' id='word_1_250' title='bbox 272 3108 415 3192; x_wconf 88' lang='lat' dir='ltr'>Iuppiter</span> <span class='ocrx_word' id='word_1_251' title='bbox 438 3105 522 3171; x_wconf 92' lang='lat' dir='ltr'>enim</span> <span class='ocrx_word' id='word_1_252' title='bbox 546 3104 693 3187; x_wconf 81' lang='lat' dir='ltr'>Callisto,</span> <span class='ocrx_word' id='word_1_253' title='bbox 724 3104 883 3186; x_wconf 87' lang='lat' dir='ltr'>Lycaonis</span> <span class='ocrx_word' id='word_1_254' title='bbox 910 3104 1026 3188; x_wconf 88' lang='lat' dir='ltr'>filiam,</span> <span class='ocrx_word' id='word_1_255' title='bbox 1056 3105 1195 3171; x_wconf 87' lang='lat' dir='ltr'>creditur</span> <span class='ocrx_word' id='word_1_256' title='bbox 1224 3112 1364 3176; x_wconf 88' lang='lat' dir='ltr'>mutatus</span> <span class='ocrx_word' id='word_1_257' title='bbox 1395 3111 1430 3177; x_wconf 90' lang='lat' dir='ltr'>in</span> <span class='ocrx_word' id='word_1_258' title='bbox 1484 3185 1485 3198; x_wconf 11' lang='grc' dir='ltr'>χ</span> 
     </span>
     <span class='ocr_line' id='line_1_29' title="bbox 268 3206 1485 3291; baseline 0.003 -17"><span class='ocrx_word' id='word_1_259' title='bbox 268 3210 406 3274; x_wconf 91' lang='lat' dir='ltr'>Dianam</span> <span class='ocrx_word' id='word_1_260' title='bbox 447 3207 689 3291; x_wconf 80' lang='lat' dir='ltr'>compressisse3</span> <span class='ocrx_word' id='word_1_261' title='bbox 726 3225 808 3287; x_wconf 88' lang='lat' dir='ltr'>quac</span> <span class='ocrx_word' id='word_1_262' title='bbox 842 3206 977 3290; x_wconf 86' lang='lat' dir='ltr'>gravida</span> <span class='ocrx_word' id='word_1_263' title='bbox 1010 3211 1133 3272; x_wconf 88' lang='lat' dir='ltr'>mutata</span> <span class='ocrx_word' id='word_1_264' title='bbox 1168 3207 1200 3272; x_wconf 94' lang='lat' dir='ltr'>in</span> <span class='ocrx_word' id='word_1_265' title='bbox 1236 3228 1342 3276; x_wconf 85' lang='lat' dir='ltr'>ursam</span> <span class='ocrx_word' id='word_1_266' title='bbox 1380 3213 1431 3278; x_wconf 89' lang='lat' dir='ltr'>ira</span> <span class='ocrx_word' id='word_1_267' title='bbox 1484 3217 1485 3227; x_wconf 76' lang='grc'>’</span> 
     </span>
     <span class='ocr_line' id='line_1_30' title="bbox 268 3308 1429 3394; baseline 0.005 -19"><span class='ocrx_word' id='word_1_268' title='bbox 268 3309 396 3375; x_wconf 88' lang='lat' dir='ltr'>lunonis</span> <span class='ocrx_word' id='word_1_269' title='bbox 424 3310 549 3392; x_wconf 92' lang='lat' dir='ltr'>peperit</span> <span class='ocrx_word' id='word_1_270' title='bbox 577 3328 711 3392; x_wconf 88' lang='lat' dir='ltr'>puerum</span> <span class='ocrx_word' id='word_1_271' title='bbox 740 3309 885 3389; x_wconf 86' lang='lat' dir='ltr'>Areada,</span> <span class='ocrx_word' id='word_1_272' title='bbox 922 3326 1016 3389; x_wconf 90' lang='lat' dir='ltr'>quem</span> <span class='ocrx_word' id='word_1_273' title='bbox 1046 3308 1205 3394; x_wconf 88' lang='lat' dir='ltr'>Iuppiter,</span> <span class='ocrx_word' id='word_1_274' title='bbox 1234 3331 1274 3376; x_wconf 91' lang='lat' dir='ltr'>ne</span> <span class='ocrx_word' id='word_1_275' title='bbox 1303 3333 1429 3381; x_wconf 88' lang='lat' dir='ltr'>venans</span> 
     </span>
     <span class='ocr_line' id='line_1_31' title="bbox 269 3408 1429 3490; baseline 0.006 -14"><span class='ocrx_word' id='word_1_276' title='bbox 269 3418 404 3476; x_wconf 87' lang='lat' dir='ltr'>matrem</span> <span class='ocrx_word' id='word_1_277' title='bbox 431 3409 555 3490; x_wconf 87' lang='lat' dir='ltr'>feriret,</span> <span class='ocrx_word' id='word_1_278' title='bbox 592 3416 748 3477; x_wconf 88' lang='lat' dir='ltr'>mutatum</span> <span class='ocrx_word' id='word_1_279' title='bbox 777 3410 809 3473; x_wconf 94' lang='lat' dir='ltr'>in</span> <span class='ocrx_word' id='word_1_280' title='bbox 844 3408 978 3476; x_wconf 89' lang='lat' dir='ltr'>eandem</span> <span class='ocrx_word' id='word_1_281' title='bbox 1008 3411 1143 3477; x_wconf 82' lang='lat' dir='ltr'>formam</span> <span class='ocrx_word' id='word_1_282' title='bbox 1171 3433 1243 3477; x_wconf 91' lang='lat' dir='ltr'>cnm</span> <span class='ocrx_word' id='word_1_283' title='bbox 1273 3435 1314 3480; x_wconf 92' lang='lat' dir='ltr'>ea</span> <span class='ocrx_word' id='word_1_284' title='bbox 1342 3416 1429 3483; x_wconf 91' lang='lat' dir='ltr'>inter</span> 
     </span>
     <span class='ocr_line' id='line_1_32' title="bbox 269 3502 520 3579; baseline -0.02 0"><span class='ocrx_word' id='word_1_285' title='bbox 269 3512 376 3579; x_wconf 87' lang='lat' dir='ltr'>sidera</span> <span class='ocrx_word' id='word_1_286' title='bbox 397 3502 520 3578; x_wconf 70' lang='lat' dir='ltr'>retulit.³</span> 
     </span>
    </p>

    <p class='ocr_par' dir='ltr' id='par_1_3' title="bbox 268 3610 1429 4106">
     <span class='ocr_line' id='line_1_33' title="bbox 354 3610 1423 3694; baseline 0.007 -17"><span class='ocrx_word' id='word_1_287' title='bbox 354 3611 539 3678; x_wconf 89' lang='lat' dir='ltr'>Lactantius</span> <span class='ocrx_word' id='word_1_288' title='bbox 561 3610 699 3694; x_wconf 89' lang='lat' dir='ltr'>denique</span> <span class='ocrx_word' id='word_1_289' title='bbox 723 3613 764 3678; x_wconf 89' lang='lat' dir='ltr'>ad</span> <span class='ocrx_word' id='word_1_290' title='bbox 788 3611 883 3679; x_wconf 88' lang='lat' dir='ltr'>Statii</span> <span class='ocrx_word' id='word_1_291' title='bbox 906 3612 1007 3678; x_wconf 90' lang='lat' dir='ltr'>Theb.</span> <span class='ocrx_word' id='word_1_292' title='bbox 1031 3612 1075 3676; x_wconf 92' lang='lat' dir='ltr'>IV</span> <span class='ocrx_word' id='word_1_293' title='bbox 1097 3615 1158 3676; x_wconf 86' lang='grc'>294</span> <span class='ocrx_word' id='word_1_294' title='bbox 1172 3616 1328 3682; x_wconf 70' lang='lat' dir='ltr'>rabulam</span> <span class='ocrx_word' id='word_1_295' title='bbox 1352 3618 1423 3684; x_wconf 87' lang='lat' dir='ltr'>brc-</span> 
     </span>
     <span class='ocr_line' id='line_1_34' title="bbox 268 3706 1427 3798; baseline 0.006 -18"><span class='ocrx_word' id='word_1_296' title='bbox 268 3717 350 3782; x_wconf 90' lang='lat' dir='ltr'>vitcr</span> <span class='ocrx_word' id='word_1_297' title='bbox 366 3712 529 3798; x_wconf 87' lang='lat' dir='ltr'>repetivit:</span> <span class='ocrx_word' id='word_1_298' title='bbox 550 3706 717 3796; x_wconf 89' lang='lat' dir='ltr'>‘unapars</span> <span class='ocrx_word' id='word_1_299' title='bbox 738 3714 928 3781; x_wconf 87' lang='lat' dir='ltr'>narrationis</span> <span class='ocrx_word' id='word_1_300' title='bbox 951 3721 1001 3780; x_wconf 89' lang='lat' dir='ltr'>est</span> <span class='ocrx_word' id='word_1_301' title='bbox 1015 3714 1176 3782; x_wconf 89' lang='lat' dir='ltr'>Nonacria</span> <span class='ocrx_word' id='word_1_302' title='bbox 1197 3725 1232 3783; x_wconf 91' lang='lat' dir='ltr'>nt</span> <span class='ocrx_word' id='word_1_303' title='bbox 1246 3718 1427 3788; x_wconf 85' lang='lat' dir='ltr'>Trinacria.</span> 
     </span>
     <span class='ocr_line' id='line_1_35' title="bbox 268 3815 1428 3905; baseline 0.004 -20"><span class='ocrx_word' id='word_1_304' title='bbox 268 3822 328 3885; x_wconf 81' lang='lat' dir='ltr'>Est</span> <span class='ocrx_word' id='word_1_305' title='bbox 353 3826 458 3885; x_wconf 89' lang='lat' dir='ltr'>antem</span> <span class='ocrx_word' id='word_1_306' title='bbox 482 3835 597 3882; x_wconf 89' lang='lat' dir='ltr'>nomen</span> <span class='ocrx_word' id='word_1_307' title='bbox 619 3817 681 3882; x_wconf 89' lang='lat' dir='ltr'>loci</span> <span class='ocrx_word' id='word_1_308' title='bbox 703 3816 756 3883; x_wconf 90' lang='lat' dir='ltr'>vel</span> <span class='ocrx_word' id='word_1_309' title='bbox 785 3816 855 3900; x_wconf 84' lang='lat' dir='ltr'>agri</span> <span class='ocrx_word' id='word_1_310' title='bbox 875 3815 1050 3901; x_wconf 86' lang='lat' dir='ltr'>Arcadiae,</span> <span class='ocrx_word' id='word_1_311' title='bbox 1078 3818 1112 3883; x_wconf 92' lang='lat' dir='ltr'>in</span> <span class='ocrx_word' id='word_1_312' title='bbox 1135 3837 1197 3899; x_wconf 91' lang='lat' dir='ltr'>quo</span> <span class='ocrx_word' id='word_1_313' title='bbox 1221 3819 1364 3905; x_wconf 89' lang='lat' dir='ltr'>luppiter</span> <span class='ocrx_word' id='word_1_314' title='bbox 1392 3823 1428 3890; x_wconf 92' lang='lat' dir='ltr'>in</span> 
     </span>
     <span class='ocr_line' id='line_1_36' title="bbox 272 3919 1429 4008; baseline 0.003 -21"><span class='ocrx_word' id='word_1_315' title='bbox 272 3922 411 4006; x_wconf 88' lang='lat' dir='ltr'>speciem</span> <span class='ocrx_word' id='word_1_316' title='bbox 425 3921 550 3988; x_wconf 91' lang='lat' dir='ltr'>Dianae</span> <span class='ocrx_word' id='word_1_317' title='bbox 561 3938 672 3985; x_wconf 89' lang='lat' dir='ltr'>versus</span> <span class='ocrx_word' id='word_1_318' title='bbox 687 3939 757 3985; x_wconf 89' lang='lat' dir='ltr'>cnm</span> <span class='ocrx_word' id='word_1_319' title='bbox 770 3919 943 4002; x_wconf 89' lang='lat' dir='ltr'>Calystone</span> <span class='ocrx_word' id='word_1_320' title='bbox 959 3919 1118 4008; x_wconf 87' lang='lat' dir='ltr'>Lycaonis</span> <span class='ocrx_word' id='word_1_321' title='bbox 1133 3919 1201 3987; x_wconf 86' lang='lat' dir='ltr'>lilia</span> <span class='ocrx_word' id='word_1_322' title='bbox 1215 3922 1429 3992; x_wconf 89' lang='lat' dir='ltr'>concubuisse</span> 
     </span>
     <span class='ocr_line' id='line_1_37' title="bbox 270 4013 1428 4106; baseline 0.003 -18"><span class='ocrx_word' id='word_1_323' title='bbox 270 4031 422 4089; x_wconf 88' lang='lat' dir='ltr'>narratur.</span> <span class='ocrx_word' id='word_1_324' title='bbox 476 4020 569 4086; x_wconf 84' lang='lat' dir='ltr'>ovid.</span> <span class='ocrx_word' id='word_1_325' title='bbox 600 4020 646 4086; x_wconf 88' lang='lat' dir='ltr'>sic</span> <span class='ocrx_word' id='word_1_326' title='bbox 673 4019 706 4084; x_wconf 94' lang='lat' dir='ltr'>in</span> <span class='ocrx_word' id='word_1_327' title='bbox 735 4019 857 4100; x_wconf 88' lang='lat' dir='ltr'>virgine</span> <span class='ocrx_word' id='word_1_328' title='bbox 885 4013 1118 4106; x_wconf 77' lang='lat' dir='ltr'>Nonacri(n&gt;a.&#39;</span> <span class='ocrx_word' id='word_1_329' title='bbox 1175 4021 1241 4088; x_wconf 88' lang='lat' dir='ltr'>Sed</span> <span class='ocrx_word' id='word_1_330' title='bbox 1270 4041 1354 4105; x_wconf 88' lang='lat' dir='ltr'>quae</span> <span class='ocrx_word' id='word_1_331' title='bbox 1383 4025 1428 4092; x_wconf 90' lang='lat' dir='ltr'>de</span> 
     </span>
    </p>
   </div>
   <div class='ocr_carea' id='block_1_3' title="bbox 0 0 1499 4728">
    <p class='ocr_par' dir='ltr' id='par_1_4' title="bbox 0 0 1499 4728">
     <span class='ocr_line' id='line_1_38' title="bbox 0 0 1499 4728; baseline 0 0"><span class='ocrx_word' id='word_1_332' title='bbox 0 0 1499 4728; x_wconf 95' lang='lat' dir='ltr'> </span> 
     </span>
    </p>
   </div>
  </div>
 </body>
</html>
