2988 4728
227 246 289 308 σου
541 201 544 208 ’
660 241 828 298 nonnosus
845 241 936 297 urana

228 417 287 506 τὴν
310 415 370 502 μὲν
384 413 600 500 Κυνόσουραν
617 411 790 502 ἐπίκλησιν
805 414 988 479 καλέουσιν.
1024 411 1124 480 Vides
1146 413 1242 480 istum
1262 430 1401 496 quoque

228 520 369 588 siderum
392 520 600 604 interpretem
623 538 640 584 e
665 515 863 584 Callimacho
885 515 1035 599 pendere.

773 689 844 762 §ln

316 809 425 876 Pauca
446 806 585 888 denique
608 806 709 872 verba
730 805 792 872 ho'c
819 805 891 871 loco
919 805 1051 888 requirit
1079 805 1239 871 sententia
1261 805 1402 872 Henriei

231 910 391 993 Schmidt,
421 909 476 990 qui
503 908 537 974 in
563 907 654 990 libri,
683 925 746 988 quo
776 905 961 989 tragoediae
988 906 1115 974 Atticae
1151 905 1294 972 carmina
1329 926 1400 973 non

231 1031 359 1097 semper
371 1029 476 1093 aequa
488 1010 633 1076 hlinerva
644 1007 803 1090 tractavit,
816 1029 846 1091 p.
855 1006 947 1073 CXX
953 1006 1149 1089 singularem
1160 1009 1251 1074 illam
1262 1008 1401 1074 fabulae

231 1115 377 1196 formam,
399 1125 483 1194 quae
505 1110 589 1178 inter
611 1114 813 1177 enumeratos
835 1109 922 1176 lovis
945 1111 1097 1193 coniuges
1119 1114 1151 1177 et
1172 1108 1256 1176 filios
1277 1108 1313 1174 in
1327 1109 1397 1176 Ho-

232 1215 330 1281 miliis
354 1212 499 1278 Clement.
521 1213 550 1278 V
570 1216 612 1276 ‘13
634 1211 794 1278 indicatur
815 1211 923 1277 verbis
946 1209 1057 1293 (Ζευς)
1079 1211 1319 1276 Καλλιστοῖ
1348 1213 1400 1296 τῇ

232 1307 658 1401 Λυκάονοςήγριώθη
676 1313 860 1378 λέωνκαὶ
877 1305 1005 1377 ἄλλον
1027 1316 1177 1393 τίκτει,
1196 1305 1398 1400 Ἀρκάδα,

233 1418 310 1485 inde
332 1416 457 1501 repetit,
480 1415 566 1497 quod
588 1415 620 1479 in
643 1415 733 1481 caelo
757 1414 798 1480 ab
822 1415 907 1480 Ursa
928 1415 1073 1498 proxime
1102 1415 1188 1481 absit
1212 1415 1290 1482 Leo.
1337 1415 1399 1480 Cui

235 1516 443 1602 explicationi
465 1516 551 1598 quod
576 1535 737 1600 opponam
764 1536 828 1582 non
857 1515 976 1583 habeo:
1005 1515 1102 1582 immo
1132 1535 1204 1581 eam
1233 1517 1262 1583 si
1290 1517 1400 1584 minus

236 1624 372 1703 certam,
401 1624 435 1684 at
464 1636 560 1700 quam
582 1616 723 1684 maxime
750 1617 953 1703 probabilem
975 1618 1067 1684 duco.
1112 1618 1186 1710 Una
1214 1620 1300 1686 enim
1328 1638 1400 1684 rem

236 1722 344 1789 statim
367 1719 508 1804 expedit,
531 1740 603 1786 cum
625 1719 781 1801 impedita
808 1719 849 1784 sit
876 1719 931 1786 via
952 1718 1055 1787 leonis
1084 1740 1103 1786 e
1131 1720 1242 1787 fabula
1271 1720 1401 1805 vulgari

237 1821 412 1908 repetendi.
452 1819 546 1889 Ratio
562 1821 647 1887 enim
661 1820 724 1886 nisi
738 1821 773 1887 in
787 1820 927 1887 siderum
943 1820 1154 1889 collocatione
1175 1823 1275 1905 nulla,
1298 1842 1397 1908 quan-

237 1935 304 1992 tum
327 1924 434 2005 video,
457 1928 627 2008 comparet,
652 1941 715 2004 qua
737 1921 881 2006 intellegi
903 1921 1014 2006 possit,
1038 1943 1094 1989 cur
1115 1923 1247 1991 tandem
1262 1924 1399 1992 Callisto

238 2028 357 2094 anve
379 2043 562 2109 compressa
584 2041 656 2090 esse
678 2022 804 2088 dicatur
824 2024 884 2089 sub
907 2021 1009 2106 figura
1030 2024 1142 2092 leonis.

783 2213 853 2286 §ti

326 2349 481 2432 lumper
511 2344 704 2412 Graecorum
733 2344 857 2411 litteras
884 2345 1027 2411 fabulam
1056 2349 1214 2431 persecuti
1243 2351 1402 2437 artificum

240 2459 437 2514 monumenta
458 2469 533 2514 num
556 2466 639 2529 quae
661 2446 704 2513 ad
727 2446 861 2513 Callisto
889 2446 1070 2531 pertineant
1099 2450 1401 2537 circumspiciamus.

241 2555 293 2620 De
316 2550 478 2618 nonnullis
499 2569 598 2633 supra
620 2549 739 2615 dictum
763 2554 826 2614 est:
849 2549 967 2614 scimus
990 2550 1074 2615 enim
1096 2551 1313 2635 Polygnotum
1329 2557 1400 2623 Cal·

241 2653 316 2719 listo
340 2651 423 2716 inter
445 2651 562 2715 inferos
585 2647 749 2715 sedentem
764 2649 917 2733 pinxisse,
940 2649 1169 2719 Orchomenios
1183 2653 1400 2740 Methydrien-

243 2770 360 2833 sesque
382 2749 517 2817 Callisto
539 2755 571 2815 et
593 2749 774 2815 Pheneatae
796 2751 942 2831 aliosque
956 2751 1116 2819 Arcadem
1137 2755 1170 2819 in
1192 2755 1331 2822 nummis
1353 2777 1400 2824 re·

241 2858 474 2941 praesentasse.
506 2849 657 2917 Callistus
669 2850 804 2916 Arcadis
818 2852 1018 2934 aliorumque
1032 2860 1156 2921 statuas
1167 2856 1209 2922 ab
1222 2857 1401 2924 Arcadibus

241 2961 315 3044 post
336 2973 477 3042 pugnam
499 2952 697 3021 Leuctricam
720 2953 865 3037 Delphos
891 2954 1015 3022 dicatas
1044 2976 1115 3024 esse
1138 2964 1263 3024 constat
1292 2978 1402 3027 earum

244 3060 338 3126 titulo
359 3077 459 3144 nuper
474 3060 609 3142 reperto,
637 3073 731 3137 quem
752 3054 835 3122 intra
856 3077 886 3140 p.
904 3061 965 3122 345
989 3055 1158 3127 exhibebo.
1195 3059 1349 3129 Callistus
1371 3069 1403 3129 et

244 3163 296 3228 Ius
326 3164 449 3226 statuas
461 3163 498 3242 ¹),
528 3159 744 3244 quaefactae
772 3165 863 3225 erant
891 3178 911 3224 a
939 3159 1130 3244 Dinomene,
1160 3161 1215 3242 qui
1238 3182 1264 3229 c.
1287 3184 1318 3230 a.
1341 3167 1402 3228 400

244 3262 361 3344 floruit,
376 3261 409 3328 in
421 3260 572 3346 Acropoli
582 3259 825 3327 Atheniensium
840 3261 1403 3348 iunctasviditPausanias(125,l).

245 3362 297 3430 Ad
320 3381 379 3428 nos
408 3381 448 3427 ex
478 3367 547 3428 arte
571 3359 764 3428 Graecorum
791 3361 871 3428 nihil
899 3363 1061 3448 pervenit,
1089 3365 1174 3447 quod
1203 3364 1245 3430 ad
1268 3363 1403 3435 Callisto

248 3466 366 3532 referre
394 3463 540 3548 liceatl),
567 3467 695 3548 praeter
722 3463 884 3530 Arcadum
912 3485 1068 3533 nummos.
1118 3465 1245 3533 Laudat
1274 3468 1402 3551 quidem

336 3651 359 3715 l)
372 3647 413 3702 De
424 3647 466 3700 his
479 3645 514 3701 cl.
528 3645 677 3712 Overheclr,
685 3640 746 3703 ‘Cn
756 3641 940 3719 Knnstmyth?
949 3649 977 3703 11
989 3666 1017 3719 p.
1027 3655 1077 3704 415
1091 3655 1118 3704 et
1132 3650 1258 3706 Ruhnert
1269 3650 1401 3708 Fleckeis.

247 3734 346 3790 Annal.
364 3732 452 3801 suppl.
471 3729 537 3786 XIV
554 3747 581 3800 p.
595 3736 654 3787 275.

335 3822 360 3886 2)
377 3817 420 3871 De
437 3817 530 3870 statua
552 3815 622 3872 falso
646 3819 700 3872 huc
722 3817 809 3872 relata
830 3818 890 3874 uide
908 3818 1103 3874 Ouerhechium
1120 3819 1138 3874 l.
1158 3819 1175 3874 l.
1195 3849 1229 3858 -
1247 3819 1317 3888 Quia
1344 3837 1402 3876 cum

250 3904 377 3959 Callistus
395 3900 489 3956 fabula
506 3900 610 3969 signum
622 3901 708 3958 Ursae
726 3903 861 3969 cohaeret,
879 3920 934 3960 non
950 3904 1067 3958 alienum
1086 3903 1156 3959 duco
1174 3903 1319 3959 adnectere
1337 3921 1403 3973 quae

250 3987 285 4042 ad
302 3987 355 4042 hoc
372 3985 508 4054 pertinere
525 3986 666 4041 uideantur
684 3988 782 4042 artium
800 4003 896 4057 opere:
921 3989 1050 4045 Ursarum
1075 3994 1101 4055 et
1125 3988 1250 4044 draconis
1273 3988 1302 4043 in
1331 3989 1402 4044 caelo
1484 3999 1485 4036 l
