2988 4728
481 365 523 419 De
541 365 669 422 Callistus
687 366 792 423 fabula.
1151 373 1213 432 309

58 553 115 616 que
144 533 187 601 ad
208 533 367 601 Arcadem
397 536 553 602 translata
575 547 648 607 sunt
671 560 755 625 quae
777 539 833 606 alii
855 560 953 625 puero
969 539 992 623 r)
1014 547 1070 606 aut
1092 542 1213 612 homini

58 635 179 703 cuidam
189 636 223 720 ²),
239 637 297 703 alii
310 637 411 722 ipsius
429 635 496 704 filio
511 639 661 722 Nyctimo
672 644 695 720 ³)
711 662 732 707 a
748 641 898 725 Lycaone
915 639 1072 709 accidisse
1087 646 1209 730 volunt,

57 743 88 803 ut
110 737 178 804 Iovi
200 739 310 805 autin
333 759 390 807 ara
415 746 471 805 aut
495 741 529 806 In
552 760 662 808 mensa
684 746 841 809 mactatus
864 742 1039 811 offerretur.
1085 746 1211 814 Arcade

57 847 157 907 autem
172 842 344 909 substituto
360 840 406 927 dt,
428 850 464 908 ut
484 842 575 910 nefas
596 843 807 910 immanitatis
823 845 929 928 capiat
951 846 1131 931 fastigium:
1153 869 1211 918 suo

58 945 133 1010 enim
150 944 235 1029 patri
249 942 427 1013 vescendus
441 942 612 1030 apponitur
626 945 721 1029 filius,
736 965 860 1013 summo
877 947 1008 1015 deorum
1024 951 1065 1014 ab
1082 950 1211 1020 homine

57 1048 187 1131 mortali,
209 1065 309 1132 nepos
331 1048 372 1111 ab
397 1066 468 1113 avo.
505 1047 568 1127 Qui
590 1067 656 1132 qua
678 1047 837 1114 de-causa
860 1056 925 1115 tam
941 1050 1081 1116 nefanda
1103 1054 1210 1120 animo

57 1150 250 1236 conceperit,
278 1148 505 1233 quaerentibus
528 1149 616 1215 solus
641 1149 726 1214 inter
747 1154 893 1217 auctores
916 1151 1088 1236 respondet
1109 1154 1209 1238 Hygi-

56 1272 117 1336 nus,
141 1272 212 1318 oum
234 1250 335 1318 addat
351 1248 396 1331 (11
413 1250 460 1332 tl:
482 1245 645 1316 ‘studebat
667 1251 751 1316 enim
774 1251 866 1337 scire,
889 1253 917 1318 si
933 1252 1013 1320 deus
1036 1260 1132 1338 esset,
1156 1257 1210 1337 qui

56 1371 140 1420 suum
162 1353 336 1439 hospitium
359 1352 566 1420 desideraret.
602 1352 673 1432 Quo
696 1353 781 1417 tacto
803 1374 867 1420 non
889 1354 1012 1421 minore
1032 1375 1137 1441 poena
1161 1364 1210 1424 est

56 1447 212 1523 adiectus?
261 1458 304 1523 At
326 1455 407 1521 haec
428 1455 471 1520 ab
492 1455 563 1539 ipso
579 1453 709 1539 Hygino
723 1455 837 1522 addita
858 1474 930 1523 essa
952 1459 1064 1526 statuit
1078 1459 1209 1542 Robert,

55 1562 134 1624 recte
157 1557 378 1641 hauddubie,
407 1577 471 1623 non
493 1558 597 1623 solum
626 1557 701 1639 quia
729 1557 827 1625 ceteri
856 1564 1003 1626 auctores
1031 1559 1110 1625 nihil
1143 1560 1209 1628 tale

55 1659 169 1727 habent
191 1658 369 1743 eademque
392 1678 489 1726 causa
510 1659 603 1742 redit,
625 1660 681 1725 ubi
702 1659 807 1742 aptior
826 1667 885 1743 est,
908 1661 941 1725 in
958 1661 1040 1745 Hyg.
1063 1662 1208 1728 iahilu

55 1756 234 1845 (Lycaonis
250 1763 308 1828 filii
323 1764 434 1830 lovem
447 1768 571 1828 tentare
586 1760 764 1844 voluerunt,
779 1762 900 1829 deusne
916 1753 1040 1844 esset’),
1057 1761 1116 1828 sed
1132 1762 1209 1844 quia

55 1863 113 1929 alia
141 1884 177 1930 se
206 1865 300 1932 offert
328 1863 500 1947 explicatio
529 1862 629 1929 multo
655 1862 866 1946 probabilior,
895 1883 968 1930 eam
993 1863 1081 1945 dioc,
1112 1883 1207 1947 quam

54 1963 233 2033 Lactantius
256 1966 300 2033 ad
329 1967 409 2032 Stat.
440 1964 543 2031 Theb.
567 1965 642 2030 VIIl
664 1970 727 2029 414
756 1965 790 2030 in
820 1965 871 2030 his
900 1964 1035 2032 indIcat:
1063 1960 1208 2050 ‘Lycaon

54 2073 140 2149 pater
154 2068 290 2135 Helicae
312 2088 406 2135 ursae
427 2067 527 2134 fuisse
549 2067 674 2150 dicitur,
697 2066 752 2151 qui
775 2065 887 2134 dolore
902 2071 1066 2150 stupratae
1088 2087 1108 2133 a
1131 2068 1208 2134 Iove

54 2165 133 2235 filiae
156 2168 235 2236 deos
258 2171 468 2237 humanarum
490 2170 633 2236 carnium
656 2169 736 2235 cibis
758 2159 910 2234 violavit?
954 2167 1058 2247 Quam
1077 2187 1208 2235 causam

14 2327 15 2332 ,
54 2287 71 2333 a
88 2271 263 2338 scholiasta
282 2292 345 2338 non
361 2291 433 2338 esse
453 2273 618 2337 inventam
633 2270 708 2337 ideo
723 2269 923 2355 potissimum
939 2269 1098 2352 existimo,
1122 2268 1208 2352 quod

14 2429 15 2464 ἶ
54 2369 93 2437 sie
113 2372 262 2451 demum,
291 2374 319 2437 si
341 2375 470 2455 Lycaon
491 2371 579 2438 filiae
605 2378 824 2456 corruptorem
846 2361 1025 2453 ulciscitur,
1056 2370 1207 2436 Callistus

14 2469 15 2514 l
55 2471 270 2556 LycaonIsque
292 2472 423 2538 fabulae
450 2473 599 2539 interiore
627 2473 735 2554 aliquo
757 2472 885 2538 vinculo
908 2472 1081 2537 cohaerent
1109 2477 1142 2538 et
1163 2471 1207 2536 ad

54 2591 141 2641 unam
155 2593 235 2640 vere
249 2573 464 2640 narrationem
487 2574 679 2641 coalescunt.
716 2574 875 2659 Exempla
897 2579 1005 2639 autem
1028 2574 1205 2658 praebuere

54 2675 177 2743 nefandi
203 2677 288 2762 epuli
320 2695 432 2743 mensa
453 2675 632 2760 Thyestea,
661 2677 753 2762 pueri
780 2675 923 2742 collectis
955 2674 1205 2759 compositisque

55 2777 196 2843 membris
215 2777 259 2843 ad
279 2779 381 2844 vitam
402 2779 539 2846 restituti
561 2798 629 2846 sors
644 2778 784 2864 Pelopis.
822 2779 872 2844 Ex
894 2779 945 2845 his
968 2777 1116 2845 omnibus
1132 2796 1203 2844 sera

55 2878 135 2963 origo
157 2880 271 2946 elucet.

56 3013 253 3025 ²*-

132 3083 156 3148 1)
174 3081 256 3136 Paus.
274 3079 341 3134 VIII
358 3083 421 3143 2,’3.

131 3169 156 3232 2)
175 3165 223 3220 Os.
242 3166 354 3220 Metam.
372 3164 386 3217 1
405 3167 453 3218 227
478 3167 520 3228 (-
539 3191 574 3202 -
593 3162 669 3216 missi
690 3161 725 3215 de
747 3165 826 3228 gente
843 3159 965 3214 Molossa
980 3161 984 3226 Ι
1000 3157 1102 3213 obsidis
1125 3159 1205 3213 unius

14 3305 15 3328 ρ
53 3244 165 3315 iugulum
182 3265 313 3305 mucrone
331 3249 459 3315 resolvit),
478 3248 513 3304 cf.
533 3246 653 3303 eiusdem
670 3245 712 3302 lb.
731 3249 792 3300 431.

14 3339 15 3346 ’
132 3337 158 3400 3)
177 3335 245 3390 Stat.
264 3333 350 3390 Theb.
368 3333 409 3388 IX
428 3338 526 3403 126aq.
545 3336 588 3399 t-
601 3336 644 3386 sat
654 3330 752 3386 funera
763 3343 872 3384 mensae
886 3328 892 3397 Ι
907 3327 1057 3383 Tantaleae
1069 3331 1096 3383 et
1113 3331 1205 3383 sontes

52 3415 142 3474 vidisse
159 3419 296 3490 Lycaonis
314 3434 393 3475 aras
408 3421 412 3489 Ι
427 3423 455 3475 et
472 3419 572 3474 festina
588 3415 652 3486 polo
665 3417 797 3472 ducentes
808 3420 883 3469 astra
894 3414 1043 3485 Mycenas).
1079 3413 1204 3469 Eandem

52 3497 161 3560 lortassa
174 3504 295 3560 tabulam
302 3505 478 3560 contInebant
487 3493 611 3560 Aeacius
620 3501 750 3556 Xenoclis
758 3503 786 3554 et
792 3499 896 3555 Achaei
904 3493 1023 3568 Ἀζᾶνες,
1034 3499 1069 3552 cl.
1077 3498 1205 3553 Weloker

52 3582 125 3656 Trea.
145 3589 192 3645 Gr.
206 3588 234 3644 Π
250 3607 278 3660 p.
292 3593 341 3646 963
352 3605 392 3660 sq.
427 3590 549 3644 Alteram
565 3587 681 3643 formam
698 3586 782 3640 habet
798 3584 913 3640 Nonnus
924 3582 1019 3640 XVlII
1031 3587 1124 3652 20sq.:

265 3688 375 3760 ἔκλυον,
393 3686 433 3758 ὡς
448 3687 586 3749 ὑπέδεκτο
604 3685 674 3747 τεὸν
690 3692 830 3762 γενετῆρα
848 3683 973 3746 Λυκάων

266 3770 356 3834 αὐτὸν
375 3774 450 3846 ὁμοῦ
466 3770 637 3848 μακάρεσσι,
654 3776 703 3829 καὶ
721 3771 781 3829 υἱέα
798 3774 873 3842 χειρὶ
890 3770 986 3836 δαΐξας

265 3857 411 3931 Νύκτιμον
429 3856 609 3932 ἄγνώσσοντι
627 3861 684 3934 τεῷ
701 3856 867 3929 παρέβαλλε
885 3859 975 3926 τοκῆι,

266 3949 314 4002 καὶ
333 3950 378 4002 Διὶ
394 3943 586 4014 παμμεδέοντι
603 3947 667 4014 μιῆς
685 3938 793 4014 έψανσε
811 3940 994 4012 τραπέζης

263 4025 405 4105 Ἀρκαδίης
423 4029 503 4103 παρὰ
522 4028 619 4097 πέζαν.

52 4107 112 4167 Gum
124 4113 222 4172 Nonno
236 4116 410 4172 consentiunt
421 4115 524 4169 arnob.
537 4112 605 4168 Adr.
619 4118 674 4167 nat.
686 4112 725 4167 1v
739 4116 772 4166 24
790 4117 817 4167 et
829 4112 911 4166 crem.
925 4111 1003 4164 Alex.
1016 4109 1105 4164 Protr.
1117 4107 1145 4162 11
1159 4115 1200 4166 11.
