2988 4728
523 278 566 332 Da
584 277 712 332 Callistus
729 277 830 332 fabula.
1190 278 1252 338 297

100 449 141 514 ab
157 447 248 515 initio
264 445 407 514 Arcades
421 448 455 514 in
470 449 553 516 Ursa
568 449 650 515 caeli
672 450 776 534 geoth
798 468 876 515 suae
898 452 1032 514 matrem
1055 450 1252 532 agnoverint.

99 551 142 615 At
164 549 249 616 enim
271 549 346 616 huie
368 548 510 633 opinioni
531 548 739 617 fundamenta
753 549 907 633 subtraxi,
930 568 1002 615 oum
1017 549 1142 615 ostendi
1166 558 1251 617 cata-

99 649 280 718 sterismum
308 652 350 718 ab
372 650 516 718 Hesiodo
544 670 615 717 osse
643 651 893 717 abiudicandum
922 657 954 716 et
980 649 1125 734 Ituripidi
1154 651 1251 718 etiam

99 753 199 820 fuisse
221 753 374 836 ignotum.
418 753 456 818 In
477 752 618 819 Arcadia
640 772 715 820 vcro
746 758 820 818 ante
846 757 975 836 poetam
997 750 1250 819 Alexandrinum

100 853 232 921 Callisto
255 871 397 936 unquam
418 858 474 920 aut
495 871 631 939 usquam
654 874 808 921 conexam
830 855 929 920 fuisse
948 873 1020 921 cum
1034 854 1137 922 Ursae
1159 853 1250 937 signo

99 975 227 1040 prorsus
256 954 455 1024 incredibile.
505 956 590 1022 Nam
617 955 645 1022 si
672 975 795 1022 conexa
827 952 1002 1038 aliquando
1034 955 1162 1040 fnisset,
1195 955 1252 1038 qui

98 1056 229 1123 andem
252 1054 356 1140 potuit
376 1054 456 1139 lieri,
477 1063 513 1122 ut
534 1075 628 1123 ursae
649 1056 756 1139 imago
779 1056 812 1123 in
835 1057 924 1124 caelo
945 1047 1076 1123 cottidie
1092 1057 1164 1124 visa
1186 1064 1252 1124 tam

98 1159 193 1225 facile
221 1157 394 1225 memoriae
423 1157 586 1224 excideret
616 1156 814 1239 Callistoque
842 1175 927 1222 nexu
955 1157 1011 1224 illo
1045 1177 1116 1223 oum
1143 1158 1251 1227 sidere

99 1261 245 1341 neglecto
262 1258 420 1326 diceretur
434 1279 497 1325 non
513 1277 668 1325 conversa
682 1276 788 1339 neque
809 1258 898 1324 inter¹
913 1262 1000 1323 astra
1019 1259 1153 1342 abrepta
1168 1279 1251 1344 esse,

99 1361 156 1428 sed
179 1361 287 1428 occisa
301 1367 333 1428 ct
348 1359 497 1444 sepulta?
510 1359 533 1443 ¹)
571 1361 655 1426 Ante
670 1357 902 1425 Callimachum
926 1357 1136 1425 catasterismi
1158 1360 1250 1427 testIs

100 1463 207 1528 nullus
228 1463 393 1546 reperitur,
416 1482 488 1528 oum
510 1461 563 1528 vel
585 1461 629 1544 is,
658 1461 712 1542 qui
735 1461 812 1527 data
834 1480 933 1544 opera
954 1459 1063 1527 sidera
1091 1461 1250 1544 tractavit,

98 1568 216 1630 Aratus
237 1564 271 1629 in
293 1564 535 1647 Phaenomenis,
559 1562 808 1630 Callimacheam
830 1562 933 1628 Ursae
954 1562 1248 1646 interpretationem

100 1665 266 1732 etiamtum
288 1666 454 1750 ignorasse
482 1663 644 1747 videatur,
671 1684 711 1731 ao
732 1666 868 1730 fortasse
890 1664 979 1728 casui
999 1683 1040 1729 ne
1062 1663 1097 1730 id
1119 1663 1249 1746 quidem

98 1766 196 1834 tribui
218 1772 333 1851 potest,
357 1765 458 1850 quod,
481 1786 553 1832 cnm
575 1766 679 1832 Ursae
700 1765 825 1848 signum
848 1770 1111 1848 commemorant,
1133 1772 1250 1848 poetae

18 1941 19 1944 Ἴ
98 1867 297 1936 Callimacho
312 1874 418 1934 aetate
434 1866 613 1951 superiores
634 1884 806 1948 nunqnam,
828 1872 935 1931 aetate
957 1865 1122 1933 inferiores
1133 1865 1158 1949 ²)
1180 1885 1248 1931 sae·

98 1971 169 2054 pius
195 1974 328 2053 tangunt
355 1974 411 2035 aut
440 1967 621 2052 significant
643 1967 794 2034 Callistus
816 1966 969 2033 fabulam.
1013 1967 1132 2032 Auctor
1153 1965 1251 2049 igitur

99 2072 311 2139 catasterIsmi
331 2070 418 2137 idem
440 2068 629 2137 iudicandus
644 2075 703 2154 est,
725 2086 821 2150 quem
840 2067 965 2134 duabus
986 2066 1117 2134 fabulae
1138 2067 1249 2134 formis

96 2173 127 2238 in
150 2193 250 2240 unam
273 2171 416 2240 conflatis
437 2161 555 2239 novam
576 2171 792 2239 narrationem
814 2168 997 2237 condidisse
1019 2167 1168 2236 vidimus.

638 2377 708 2454 55.

17 2593 18 2628 ἦ
185 2528 287 2595 Ursae
309 2529 438 2595 omnino
460 2528 492 2594 in
515 2529 605 2595 caclo
630 2526 765 2607 figuram
775 2525 801 2608 ³)
829 2525 884 2607 qui
911 2523 976 2590 iam
1006 2529 1080 2589 ante
1109 2526 1249 2588 aetatem

17 2641 18 2722 ᾗ
97 2629 351 2700 Alexandrinam
366 2651 387 2696 a
402 2649 564 2712 quoquam
580 2649 598 2694 e
616 2628 754 2693 fabulari
776 2626 909 2693 historia
931 2625 1124 2710 explicatam
1147 2623 1249 2690 credit

17 2759 18 2810 l
96 2731 271 2800 testimonii
293 2738 349 2797 ant
369 2730 480 2798 indicii
502 2750 543 2797 ne
566 2730 711 2796 umbram
735 2728 864 2812 quidem
886 2726 949 2793 sibi
971 2726 1080 2793 habet.
1125 2723 1248 2792 Sideris

96 2935 184 2990 neque
201 2931 361 2987 quemqnam
379 2915 412 2970 de
424 2914 572 2986 Callistone
587 2915 616 2968 in
634 2928 726 2968 ursam
742 2918 848 2968 mutata
860 2912 960 2966 dixisse
974 2911 1080 2979 opinor,
1098 2909 1162 2977 quin
1179 2910 1251 2965 inter

17 3019 18 3026 ¹
97 3003 187 3059 sidera
204 3017 264 3058 eam
281 3000 394 3055 relatam
411 3013 471 3053 esse
488 2991 618 3054 adderet?
633 3029 665 3036 —
682 2997 842 3064 Quanquam
860 2993 932 3063 quod
949 3007 1041 3048 rerum
1058 2997 1100 3046 est
1116 2993 1171 3046 iam
1188 3008 1249 3061 per·

97 3093 224 3157 spexerat
240 3086 399 3150 Buttmann,
418 3100 480 3139 cum
498 3083 532 3138 de
549 3087 611 3138 ortu
629 3083 766 3150 signorum
778 3079 919 3148 disputans
936 3076 965 3130 in
976 3075 1052 3130 Actis
1069 3075 1147 3129 acad.
1161 3076 1250 3133 Berol.

17 3179 18 3192 ¹
98 3176 161 3226 1826
184 3171 219 3224 de
241 3169 353 3224 Callisto
377 3169 418 3222 sie
441 3167 587 3223 iudIearet:
610 3160 655 3219 ‘In
678 3163 722 3218 die
745 3161 979 3228 Sterndeutnngen
1002 3158 1069 3212 aher
1089 3159 1153 3214 Iram
1177 3159 1251 3216 dicae

97 3257 179 3311 BarIn
196 3255 297 3310 ebenso
314 3254 365 3309 wie
382 3254 430 3308 der
447 3250 609 3308 Nemeisehe
624 3250 706 3304 hose
725 3247 783 3303 und
800 3246 849 3301 der
866 3244 1021 3299 Marathon.
1041 3242 1111 3298 Stier
1129 3244 1185 3299 und
1202 3246 1250 3300 der

96 3339 208 3395 Widder
225 3339 274 3394 der
291 3331 382 3393 Helle’
400 3352 466 3392 usu.

182 3429 208 3490 1)
226 3423 293 3478 Cum
311 3422 449 3478 Arcadum
471 3419 599 3491 opinione
621 3417 838 3474 catasterismnm
862 3413 1000 3470 conciliari
1020 3429 1075 3468 non
1091 3428 1174 3483 posse
1195 3414 1250 3470 iam
1360 3435 1364 3442 ·

97 3509 286 3565 wsdvertit
302 3507 394 3574 Paua,
413 3522 475 3561 oum
490 3505 556 3560 VIII
569 3509 593 3570 3,
608 3509 621 3556 7
640 3504 709 3557 haec
726 3502 859 3557 adiceret:
879 3496 973 3571 ἔχοιεν
991 3491 1018 3554 δ’
1036 3494 1073 3556 civ
1090 3503 1139 3555 καὶ
1156 3495 1249 3565 ἄλλως

97 3587 130 3649 ro*
148 3589 244 3662 ὄνομα
263 3590 291 3648 οὶ
308 3584 428 3662 οἷστέρες
445 3587 492 3647 ἐπὶ
509 3593 576 3660 τιμῇ
594 3593 629 3660 τῇ
642 3590 826 3652 Καλλιστοῦς,
843 3583 906 3642 ἐπεὶ
918 3581 1013 3655 τάφον
1030 3603 1063 3656 γε
1080 3578 1166 3655 αὐτῆς
1178 3577 1249 3640 oino-

96 3680 246 3747 φαίνουσιν
264 3676 292 3734 oi
306 3668 446 3749 Ἀρκάδες.

178 3767 206 3830 2)
223 3761 314 3819 Locos
332 3760 405 3816 infra
420 3761 541 3817 inuenies
559 3761 689 3816 collectos
706 3775 733 3828 p.
748 3761 799 3812 314
809 3772 868 3825 sqq.
878 3756 906 3808 et
924 3757 974 3808 338
985 3768 1044 3821 sqq.

180 3851 206 3915 3)
222 3847 310 3903 Ursae
327 3861 426 3903 nomen
443 3846 519 3902 initio
532 3849 635 3915 septem
651 3844 707 3898 illis
725 3842 810 3898 stellis
828 3840 947 3895 omnium
963 3836 1079 3891 maxhne
1095 3836 1247 3904 insignibus

17 3957 18 3964 ν
98 3931 211 3988 luditum
231 3948 292 3989 esse
316 3947 366 3987 nec
383 3931 521 4002 pluribus,
544 3935 575 3985 ut
591 3929 742 3983 Buttmann
763 3927 793 3981 in
810 3926 952 3981 Dissertat
976 3920 1053 3977 acad.
1071 3919 1161 3975 Berol.
1182 3925 1248 3976 1826

97 4031 123 4083 p.
136 4021 168 4072 34
177 4034 236 4088 sqq.
260 4017 410 4084 contendit,
435 4029 604 4070 cumrerum
620 4027 701 4068 ursae
718 4011 833 4080 figuram
851 4015 1008 4066 construere
1029 4003 1165 4072 studeret,
1183 4020 1247 4074 gen·

145 4112 261 4164 notpagsr
274 4111 374 4154 Studien.
388 4110 437 4152 llll.
1062 4092 1094 4143 ²0
