2958 4734
237 316 298 375 258
673 317 840 373 Retuholdnn
857 317 948 372 Franz

237 488 330 567 Quod
351 489 478 557 interim
501 490 598 557 velim
621 498 747 571 teneas;
770 490 852 556 iufra
875 491 960 557 enim
983 492 1064 558 scire
1085 491 1231 559 intererit
1246 487 1401 574 Euripidi
1464 479 1465 500 ¹

236 592 387 659 Callistus
408 594 639 677 Taygetacque
666 592 734 658 fata
761 592 924 659 etiamtum
954 593 1068 660 eadem
1095 595 1166 659 visa
1188 612 1267 660 esse.
1299 592 1400 658 Nunc

237 693 324 778 illuc,
346 694 431 760 unde
454 693 592 776 digressi
613 715 732 780 sumus,
754 700 960 762 revertamur.

321 796 496 874 Hermunui
517 795 613 878 igitur
635 796 868 880 Schmidtiique
897 797 1095 864 coniecturas
1124 796 1298 864 mittendas
1321 815 1398 863 esse

236 896 383 966 vidimus.
427 897 496 964 Nec
519 898 694 966 Schmidtio
717 899 859 984 contigit,
882 905 917 965 ut
938 918 1067 967 versum
1088 898 1181 964 illum
1203 919 1300 966 sensu
1323 918 1396 964 cas-

235 1019 306 1066 sum
329 999 562 1067 demonstraret
584 1020 625 1066 ox
651 998 857 1067 adnotatione
880 1008 984 1067 ortum
1007 1019 1078 1066 esse
1085 1049 1094 1083 ,
1124 1019 1220 1082 quam
1243 1001 1331 1085 qum,
1362 1007 1401 1066 ut

237 1102 340 1169 Ursae
363 1101 491 1168 maioris
513 1101 609 1168 situm
632 1101 796 1186 definiret,
817 1103 1004 1184 adiecissem
1034 1102 1135 1168 verba
1157 1102 1243 1168 enim
1265 1095 1399 1184 ὄμματι

237 1201 351 1289 λάβρῳ
367 1203 445 1286 quid
466 1204 596 1270 taudem
610 1204 643 1270 iu
659 1204 717 1270 tali
733 1202 939 1271 adnotatione
960 1205 1023 1270 sibi
1039 1204 1174 1271 volunt?
1196 1204 1295 1270 immo
1312 1205 1400 1270 haec

235 1306 307 1390 ipsa
323 1305 466 1392 ‚produnt
488 1311 625 1390 poetam.
658 1307 787 1374 Medela
808 1326 885 1372 vero
907 1305 1048 1372 nondum
1070 1311 1119 1374 est
1133 1311 1273 1391 reperta.
1312 1306 1397 1373 Gon·

235 1407 373 1475 iecturas
403 1406 520 1474 suflicit
553 1427 770 1476 enumerasse:
802 1408 971 1492 Hartuugii
1001 1409 1109 1496 σχῆμα
1142 1407 1323 1495 ταλαίνης
1354 1445 1398 1454 —-

237 1502 528 1595 ἄχεά<τε>λύαης,
557 1508 684 1576 Ottouis
714 1509 833 1577 Goram
861 1509 894 1575 in
922 1511 1001 1577 Mus.
1023 1511 1124 1577 Rhen.
1146 1511 1255 1576 XVIII
1276 1533 1309 1596 p.
1331 1516 1394 1576 311

236 1619 456 1697 portentosum
471 1616 683 1678 commentum
705 1614 813 1697 σχῆμα
832 1604 969 1676 ’λέαινα
975 1635 1007 1692 ς,
1030 1612 1240 1679 Herwerdeni
1254 1613 1288 1680 in
1303 1614 1397 1681 Misc.

236 1713 269 1779 iu
292 1713 448 1780 honorem
469 1713 576 1780 Garuli
599 1713 709 1779 Graux
732 1713 918 1798 conscriptis
940 1735 970 1798 p.
989 1718 1048 1779 194
1070 1717 1273 1802 μορφᾶς-
1290 1709 1394 1803 σχῆμ’

237 1813 483 1900 ἐλελόγχεις.
519 1815 682 1881 Hermann
704 1821 810 1882 autem
831 1815 947 1882 frustra
970 1817 1101 1897 negavit
1122 1810 1249 1899 ὄμματι
1276 1816 1395 1904 λάβρῳ

236 1919 509 2004 interpretandum
521 1912 694 1984 esso‘truci
705 1919 869 2003 adspectu,
884 1923 975 1986 torro
990 1911 1135 1985 lumine':
1151 1912 1244 2001 ὄμμα
1256 1917 1345 1985 θοὸν
1360 1922 1399 1987 in
1469 1913 1470 1916 '

237 2041 312 2088 ursa
332 2020 499 2105 praedicat
516 2019 597 2104 Opp.
614 2017 692 2103 Cyn.
707 2020 755 2085 III
772 2024 842 2104 143,
864 2019 923 2089 sed
945 2021 1069 2088 bestiae
1092 2021 1203 2105 rapaci
1223 2021 1306 2088 illud
1329 2043 1398 2091 non

237 2124 340 2189 miuus
357 2122 512 2189 convenit.
551 2120 738 2205 Corruptam
761 2126 867 2188 tamen
888 2141 1000 2190 versus
1020 2127 1145 2207 partem
1167 2129 1202 2188 ut
1224 2123 1399 2192 evidenter

236 2226 452 2307 restituerem,
481 2222 629 2305 quamvis
657 2224 757 2289 multa
779 2224 947 2308 temptanti
975 2223 1054 2290 mihi
1080 2245 1144 2291 non
1167 2225 1270 2310 magis
1293 2245 1397 2308 quam

236 2327 395 2413 prioribus
417 2325 558 2411 contigit.
601 2324 753 2392 Fortasse
775 2327 883 2414 σχῆμα
912 2326 1111 2394 retinendum
1141 2331 1188 2392 est
1210 2332 1243 2394 et
1264 2327 1395 2397 intelle-

235 2424 375 2515 gendum
398 2430 505 2514 decus,
528 2429 615 2512 quod
635 2434 799 2514 assumpta
821 2429 904 2512 turpi
925 2448 1020 2495 ursae
1042 2429 1144 2512 figura
1165 2428 1297 2497 Callisto
1319 2452 1393 2516 per·

237 2531 319 2598 didit
334 2531 503 2618 (perdendi
517 2532 604 2598 notio
620 2531 753 2598 forsitan
767 2530 868 2597 lateat
882 2532 942 2597 sub
958 2529 1091 2618 λεαίνης
1105 2532 1262 2599 vocabulo
1278 2539 1395 2617 aperte

238 2633 408 2719 corrupto).
453 2633 518 2699 Sed
540 2635 615 2700 nolo
638 2632 798 2698 hariolari.

322 2735 448 2801 Fabula
463 2734 567 2818 quaIIs
581 2733 686 2816 fuerit,
709 2753 780 2798 eum
796 2731 1014 2800 tantummodo
1031 2733 1211 2814 significata
1225 2737 1276 2819 sit,
1300 2735 1393 2803 dum-

237 2843 330 2904 taxat
344 2837 489 2902 dIrinare
504 2835 588 2902 lieet.
624 2836 708 2900 Nam
731 2839 818 2900 certa
833 2834 914 2901 haec
935 2840 1060 2902 tantum
1074 2836 1223 2904 videntur
1244 2837 1395 2923 prodire:

237 2939 432 3020 Oallisto,
455 2938 572 3022 virgo
595 2937 815 3020 Arcadica,
836 2937 947 3004 Iovis
969 2958 1145 3006 amorem
1166 2940 1301 3006 invita
1323 2961 1394 3007 ex-

237 3050 355 3128 perta
382 3047 458 3125 est;
488 3041 560 3107 sed
588 3039 873 3124 virginitatem
902 3046 1083 3124 ereptam
1112 3040 1200 3108 dum
1225 3043 1397 3129 luget1),

238 3147 278 3211 in
312 3165 443 3211 ursam
476 3150 537 3210 est
568 3142 883 3226 transfigurata,
920 3147 962 3207 ut
993 3142 1108 3209 ferae
1139 3143 1232 3212 inde
1265 3145 1396 3212 vitam

239 3249 408 3315 viveret.

780 3349 850 3422 §7.

324 3468 530 3535 Accuratiora
557 3468 695 3551 primum
724 3463 935 3549 comperimus
965 3484 1005 3530 ex
1034 3465 1204 3535 Amnmnrs
1233 3469 1344 3535 labula
1354 3469 1396 3554 ²),

239 3573 328 3639 cuius
343 3577 564 3655 argumentum
578 3569 611 3634 in
623 3571 791 3650 angustum
807 3572 951 3631 coactum
963 3572 1148 3634 servaverat
1160 3569 1396 3637 Eratosthenes

239 3673 272 3738 iu
286 3673 460 3758 Catalogis,
482 3671 566 3739 unde
589 3676 741 3754 excerpta
763 3687 846 3750 quae
868 3674 997 3735 exstant
1017 3670 1196 3755 composuit
1215 3671 1336 3736 Robert
1359 3672 1396 3737 in

326 3845 350 3908 1)
368 3839 410 3895 (ll.
428 3831 594 3907 ἐξαλλάξασ’
616 3833 687 3908 ἄχεα
706 3832 799 3908 λύπης.

326 3931 351 3990 2)
374 3925 582 3995 Inscriptionem
604 3922 714 3978 fabulae
734 3922 898 3990 ignoramus.
935 3923 1021 3990 Quam
1040 3923 1165 3988 Alcaeus,
1189 3920 1397 3977 comoediarum

240 4013 359 4068 eiusdem
377 4012 433 4065 fere
450 4009 548 4064 aetatis
566 4009 684 4078 scriptor
702 4008 748 4074 (cl.
767 4007 857 4076 Bergk
874 4007 903 4060 in
920 4007 991 4061 Hist.
1008 4008 1060 4062 litt.
1075 4008 1123 4062 Gr.
1139 4007 1178 4062 IV
1196 4022 1223 4076 p.
1240 4009 1306 4071 105),
1325 4021 1397 4062 cou-

238 4098 306 4154 didit
328 4095 449 4153 tabulam
475 4089 625 4153 Καλλιστὼ
652 4093 823 4164 inscriptam,
845 4093 903 4148 cius
926 4097 1112 4160 argumentum
1134 4107 1190 4146 nou
1213 4090 1326 4147 dubium
1351 4099 1398 4148 est
