2958 4734
506 322 548 376 De
564 321 689 378 Callistus
707 321 810 378 fabula.
1168 323 1231 381 291

85 495 252 562 tinneulam
275 491 414 561 secundo
437 494 508 560 loeo
534 491 638 561 adfert
660 495 703 572 (Il
728 500 740 558 1
766 515 796 578 p.
821 486 872 578 3l,
894 496 977 558 3-o
1000 493 1131 579 Bunte),
1162 515 1233 561 eam

84 597 186 662 faeere
208 615 269 662 non
299 613 444 680 possum,
474 593 549 675 quin
577 594 750 676 genuinam
779 601 876 676 atque
903 594 1061 677 integram
1090 593 1233 663 eiusdem

85 697 211 764 fabulae
233 697 369 762 formam
392 714 463 762 esse
485 695 629 780 suspicer
657 715 751 777 quam
775 695 972 762 decurtatam
1000 702 1032 762 et
1054 702 1232 781 corruptam

84 798 114 864 in
127 795 360 864 Oetasterismis
375 795 521 880 legimus,
532 816 606 863 cum
619 804 650 863 et
662 795 782 880 Hygini
801 797 880 863 illud
892 790 1029 882 “postea
1044 788 1229 879 cognitam²'

86 899 122 982 ei,
144 898 231 984 quod
245 918 361 981 graeco
377 898 499 965 auctori
520 897 654 981 restitui,
676 888 813 983 ὕστερον
837 897 872 964 δὲ
895 896 1080 985 ἕγνωσμένῃ
1104 917 1234 981 respon·

84 1001 156 1067 dere
178 1000 326 1068 videatur
341 1006 373 1066 et
392 998 480 1082 apud
495 1006 663 1083 utrumque
678 1000 792 1083 Diana,
815 1020 888 1083 non,
904 1007 940 1066 ut
955 1001 1051 1085 vulgo
1074 999 1234 1066 ferebatur

86 1103 169 1168 etin
192 1101 303 1169 fabula
324 1099 526 1168 antecedenti
548 1102 590 1168 ab
612 1110 747 1184 utroque
769 1109 924 1186 narratur,
947 1101 1078 1186 Iupiter,
1100 1099 1233 1167 Callisto

85 1202 162 1269 inter
184 1202 292 1269 sidera
314 1202 498 1270 conlocasse
520 1202 783 1286 tradatur.quod
804 1202 833 1269 si
853 1208 939 1268 recte
954 1202 1132 1286 suspicatus
1154 1219 1233 1283 sum,

85 1303 115 1368 in
136 1323 272 1388 graecae
297 1305 487 1372 narrationis
509 1303 599 1372 initio
621 1304 686 1371 iam
708 1304 788 1371 satis
816 1303 947 1386 antiquo
970 1309 1123 1388 tempore,
1146 1301 1235 1386 prius

85 1409 165 1473 certe
200 1426 296 1491 quam
328 1406 458 1475 libellus
491 1407 534 1473 ad
563 1405 745 1473 Germanici
778 1425 906 1472 carmen
940 1404 1166 1491 explicandum
1200 1403 1234 1468 in

84 1507 214 1574 latinum
237 1507 409 1575 translatus
427 1514 485 1593 est,
507 1508 637 1575 Iunonis
658 1528 774 1576 nomen
797 1506 955 1574 excidisse
976 1506 1180 1574 statuendum
1202 1510 1234 1571 et

86 1627 138 1690 pro
159 1610 285 1693 γνοῦσα
311 1630 353 1676 ex
375 1609 494 1694 Hygini
517 1610 624 1677 verbis
643 1605 820 1676 “Iunonem
841 1598 1063 1691 indignatam’'
1091 1599 1256 1692 ἆγανακ-·

85 1712 186 1776 σοῦσα
203 1708 404 1778 scribendum
422 1717 480 1794 est,
503 1732 523 1777 a
539 1730 601 1793 quo
617 1703 792 1795 ἀγνοοῦσα,
815 1709 901 1793 quod
914 1708 1007 1774 Arati
1028 1707 1234 1790 interpretem

87 1810 203 1894 legisse
226 1812 369 1896 adparet,
392 1811 523 1896 propius
546 1805 654 1878 abest.³

167 1914 210 1979 At
234 1914 318 1980 enim
339 1912 477 1997 primum
499 1904 629 1980 minime
651 1904 812 1997 ‘apparet’
838 1911 1051 1978 narrationem
1080 1928 1151 1976 esse
1179 1907 1234 1974 de-

86 2019 238 2081 curtatam
255 2020 318 2096 aut,
343 2020 377 2080 ut
399 2012 486 2080 idem
508 2035 538 2099 p.
553 2019 593 2080 56
610 2014 643 2080 in
659 2014 732 2080 adn.
748 2012 849 2094 addit,
871 2031 967 2079 sensu
981 2030 1085 2097 paene
1100 2028 1234 2076 cassam.

13 2137 14 2166 r
86 2113 166 2182 Nam
197 2134 281 2198 quaa
302 2115 394 2182 Arati
416 2115 572 2201 interpres
594 2117 664 2182 Lat.
694 2114 827 2200 praebet
855 2114 954 2198 plana
981 2117 1069 2196 sunt,
1099 2115 1131 2178 et
1153 2130 1235 2194 quae

85 2213 230 2300 Epitome
252 2217 351 2284 habet
372 2217 470 2303 plana
497 2217 592 2300 fiunt,
615 2216 672 2283 illo
695 2215 776 2284 duce
798 2215 826 2282 si
848 2213 1034 2298 corrigimus
1056 2214 1180 2298 γνοῦσα
1202 2213 1235 2278 in

86 2307 250 2400 ἀγνοοῦσα
273 2315 330 2400 (-·=
343 2317 507 2401 ignorans)
531 2325 563 2385 et
585 2336 657 2383 cum
676 2318 816 2384 Roberto
838 2308 974 2401 {icareos
991 2314 1027 2381 δὲ
1043 2317 1234 2400 σοσωσμένῃ

86 2418 116 2485 in
144 2410 176 2482 ὅ.
208 2415 236 2480 d.
271 2415 455 2504 ἐγνωσμένῃ
486 2420 543 2501 (=
568 2421 682 2502 postea
715 2437 792 2483 vero
827 2416 992 2498 sentiens).
1042 2416 1094 2480 An
1122 2415 1235 2480 mirum

12 2513 14 2570 l
86 2526 149 2602 est,
187 2516 273 2600 quod
302 2517 410 2585 Diana
437 2523 599 2602 narratur,
628 2524 797 2603 postquam
827 2536 893 2582 rem
924 2515 1080 2601 rescierit,
1109 2516 1237 2600 etipsa

12 2633 14 2666 l
88 2620 193 2687 solatii
216 2638 314 2686 causa
336 2619 369 2685 in
392 2621 481 2686 caelo
498 2619 700 2688 constituisse
714 2618 848 2701 figuram
864 2617 941 2701 eius,
964 2636 1057 2703 quae,
1080 2636 1152 2683 cum
1166 2617 1236 2683 lovi
1322 2607 1326 2618 ’

12 2753 13 2792 z
88 2719 321 2803 succubuisset,
354 2721 511 2788 immerito
543 2719 705 2789 uideretur
732 2725 798 2787 tam
827 2719 968 2805 graviter
999 2719 1111 2803 punita
1140 2719 1236 2787 esse?

89 2819 178 2900 Quod
199 2827 307 2889 autem
331 2823 435 2890 exitus
457 2825 491 2889 in
514 2823 633 2891 (latest.
657 2830 689 2889 et
711 2821 798 2907 apud
820 2821 903 2906 Hyg.
926 2820 1013 2888 idem
1035 2826 1101 2905 est,
1130 2820 1237 2904 quoad

89 2921 128 2987 ad
150 2923 290 2989 Dianam
311 2924 450 3007 pertinet
471 2924 606 2991 extremi
633 2922 781 2990 beneficii
808 2929 985 3004 auctorem,
1014 2921 1089 2988 inde
1111 2921 1236 2989 efficere

12 3041 13 3094 l
88 3025 246 3092 nonlicet
269 3023 405 3091 eandem
426 3024 524 3091 fuisse
548 3025 779 3107 narrationem,
809 3024 959 3105 quoniam
981 3022 1015 3086 in
1037 3021 1156 3086 Gatast.
1179 3041 1237 3088 nec

88 3123 161 3191 luno
190 3144 251 3192 nec
280 3145 365 3193 mors
388 3125 538 3193 Callistus
560 3130 809 3192 commemorata
831 3129 889 3189 est.
933 3119 1060 3188 Deinde
1082 3141 1174 3206 vero,
1202 3122 1238 3187 id

91 3227 171 3308 quod
187 3227 413 3311 gravissimum
435 3231 484 3294 est
506 3230 602 3310 atqua
617 3227 791 3294 Robertum
812 3224 908 3309 plane
929 3223 1019 3306 fugit,
1041 3223 1142 3290 verba
1161 3222 1235 3308 Epi·

91 3332 186 3395 tomes
211 3321 408 3394 ἇνσιθεῖσαν
432 3325 575 3414 ἕτερον
599 3325 737 3392 εἴδωλον
761 3324 887 3400 ἐντοῖς
910 3317 1046 3410 ἄστροις
1074 3330 1106 3390 et
1134 3324 1237 3410 magis

91 3430 181 3497 etiam
198 3448 282 3513 quae
298 3430 534 3511 subsequuntur
550 3426 636 3495 diora
652 3425 771 3504 δισσὰς
790 3425 874 3510 ἔχειν
890 3424 998 3509 τιμάς,
1022 3445 1105 3508 quae
1120 3425 1238 3494 similia

90 3531 220 3600 redeunt
249 3530 336 3615 apud
363 3533 505 3614 reliquos
535 3549 661 3616 omnes,
690 3530 771 3597 haee
798 3528 974 3596 luculenter
1005 3527 1120 3596 docent
1142 3526 1237 3594 (iata-

92 3632 304 3700 sterismorum
326 3640 503 3716 auctorem,
533 3653 573 3699 ex
596 3651 660 3715 quo
682 3651 794 3698 omnes
815 3628 956 3716 pendent
963 3681 971 3714 ,
1001 3637 1032 3697 et
1054 3629 1185 3697 maioris
1206 3634 1237 3696 et

93 3732 218 3801 minoris
241 3734 345 3801 Ursae
368 3740 469 3800 ortum
492 3733 681 3820 repetivisse
703 3754 744 3799 ex
766 3752 830 3800 uua
852 3731 1002 3799 Callistus
1030 3731 1149 3798 fabula.
1194 3729 1238 3798 Ut

94 3831 210 3917 duplex
231 3839 339 3901 autem
362 3835 487 3920 signum
510 3835 740 3919 explicaretur,
768 3840 859 3919 patet
880 3853 943 3900 non
966 3832 1094 3899 licuisse
1116 3830 1237 3916 duplici

95 3932 231 4004 eiusdem
245 3936 293 4002 rei
309 3955 348 4003 ac
363 3936 491 4003 diversa
512 3938 558 4002 uti
580 3936 744 4018 memoria,
767 3933 824 4002 sed
847 3954 888 4002 ex
910 3932 1023 4000 eadem
1045 3933 1144 4000 fuisse
1165 3952 1237 4016 pro·

94 4029 305 4104 ficiscendum.
346 4037 446 4121 Atqui
467 4038 510 4105 ad
532 4037 757 4123 explicandam
779 4037 896 4104 Ursam
917 4034 1070 4102 maiorem
1093 4032 1238 4100 adhibita
