2958 4734
251 271 315 330 260
690 271 857 326 Reinholdus
874 271 965 326 Franz

251 451 290 512 ct
311 463 433 528 passa
453 445 765 528 estamplexum.
799 444 933 510 Diana
948 452 1098 524 autem,
1114 446 1180 510 ubi
1194 445 1403 529 gravidam

251 546 541 631 deprehendit,
569 548 631 613 ira
653 547 815 613 exarsit
842 553 882 612 et
904 567 1006 628 quae
1026 567 1222 630 peccasse
1243 547 1402 614 videre-

252 657 317 716 tur
336 649 479 731 abegit
499 649 540 713 iu
562 668 693 714 ursam
716 655 1004 715 commutatam

795 840 866 912 §8.

334 957 404 1020 Iam
426 953 564 1020 cumbis
586 953 684 1018 velim
705 955 851 1021 conferas
870 976 954 1038 quae
973 957 1060 1040 apud
1080 957 1213 1023 Latinos
1234 956 1401 1024 Gatasteri-

250 1078 392 1124 smorum
414 1058 640 1142 compilatores
663 1056 833 1141 Amphidis
855 1058 1048 1125 mentionem
1075 1058 1290 1144 praecedunt,
1319 1059 1402 1144 apud

250 1161 409 1243 Graecos,
438 1161 493 1242 qui
523 1159 606 1226 banc
633 1160 822 1242 omiserunt,
852 1160 1021 1227 continuae
1048 1161 1240 1227 narrationis
1266 1162 1401 1246 priorem

248 1261 370 1328 faciunt
392 1269 528 1346 partem.
565 1264 686 1328 Auctor
707 1262 740 1326 in
763 1261 869 1345 capite
890 1255 1070 1328 nominatur
1083 1262 1271 1330 Hnsronus:
1295 1263 1401 1329 sabula

248 1364 381 1432 affertur
409 1364 452 1428 ad
481 1362 706 1450 explicandum
736 1363 839 1428 Ursae
872 1364 1002 1429 maioris
1033 1365 1167 1448 siguum.
1216 1364 1400 1432 Memoriam

248 1474 366 1532 autem·
380 1466 519 1532 maxime
547 1466 704 1549 integram
733 1472 961 1531 conservarunt
987 1466 1110 1532 scholia
1131 1467 1266 1532 Aratea:
1294 1468 1400 1550 itaque

248 1589 331 1650 quac
353 1569 416 1633 ista
437 1567 594 1652 praebent
615 1568 667 1634 vel
689 1568 760 1634 sola
781 1567 873 1633 uobis
895 1567 1064 1634 sufficiunt
1105 1569 1187 1635 Sunt
1208 1576 1319 1637 autem
1342 1571 1398 1653 (se-

247 1670 385 1736 cundum
408 1670 539 1737 Roberti
554 1670 640 1735 Erat.
657 1670 725 1735 Cat.
741 1669 796 1734 rel.
813 1688 843 1751 p.
861 1667 916 1750 50)
938 1668 1034 1736 baec:

329 1767 483 1848 Ἡσίοδος
507 1770 544 1835 δέ
566 1793 649 1858 φησι
665 1769 843 1846 Λυκάονος
866 1762 967 1856 αὐτὴν
987 1775 1158 1856 θυγατέρα
1180 1767 1346 1840 εἶναικαὶ
1368 1772 1398 1838 ἒν

242 1865 406 1961 Ἀρκαδίᾳ
427 1875 647 1939 κατοικοῦσαν
670 1871 811 1938 ἑλέσθαι
832 1869 917 1954 μετὰ
937 1865 1135 1958 Ἀρτέμιδος
1156 1871 1216 1961 την
1238 1879 1321 1962 περὶ
1342 1873 1398 1951 τὰς

245 1975 357 2061 θήρας
380 1969 509 2064 ἀγωγην
539 1973 572 2041 έν
601 1988 674 2052 τοῖς
702 1969 797 2060 ὄρεσι
826 1979 1025 2040 ποιεῖσθαι·
1055 1980 1249 2062 φθαρεῖσαν
1273 1977 1310 2043 δὲ
1332 1972 1395 2044 tal

245 2076 331 2154 Διὸς
357 2077 510 2162 ἐμμεῖναι
532 2076 566 2142 ἐν
587 2090 659 2152 τοῖς
689 2074 854 2161 πρότερον
875 2077 1084 2142 κλέπτουσαν
1106 2081 1147 2164 τῇ
1165 2069 1340 2164 Ἀρτέμιδι
1361 2077 1395 2144 τὸ

246 2179 451 2262 σύμπτωμα·
474 2173 535 2266 ἤδη
559 2178 594 2244 δὲ
617 2176 773 2243 ἐπίτοκον
797 2163 899 2244 οὖσαν
921 2171 1076 2266 ὀφθῆναι
1097 2172 1156 2244 ὑπ’
1183 2174 1283 2269 αὐτῆς
1307 2184 1396 2247 λουο-

244 2285 361 2369 μένην·
385 2305 428 2369 εφ
467 2277 493 2366 q}
518 2285 738 2365 οργισθεῑσαν
760 2279 819 2368 τὴν
835 2274 994 2366 Ἄρτεμιν
1009 2285 1181 2367 θηριῶσαι
1204 2276 1395 2372 αὐτήνκαὶ

245 2377 331 2450 οὕτω
353 2397 460 2450 τεκεῖν
482 2378 604 2469 ἄρκτον
626 2369 729 2450 οὖσαν
750 2381 810 2450 τὸν
832 2383 998 2470 κληθέντα
1017 2375 1174 2469 Ἀρκάδα.

330 2489 442 2554 Altera
462 2487 653 2554 narrationis
675 2494 778 2571 parte,
802 2507 885 2570 quae
907 2487 948 2552 ab
970 2487 1033 2552 bac
1055 2487 1087 2551 in
1109 2487 1275 2571 catalogis
1290 2490 1395 2555 Erato·
1444 2541 1445 2546 η

246 2589 399 2655 sthenicis
414 2591 534 2654 inserta
550 2588 720 2673 Amphidis
741 2590 852 2655 fabula
868 2588 1026 2673 dirempta
1044 2595 1123 2670 crat,
1145 2592 1324 2675 exponitur,
1347 2588 1396 2672 qui

245 2693 364 2757 factum
386 2690 436 2773 sit,
459 2697 494 2755 ut
516 2690 648 2756 Callisto
670 2696 785 2774 postea
807 2691 890 2755 inter
912 2695 999 2756 astra
1020 2691 1222 2775 reciperetur.

328 2792 471 2859 Priorem
486 2797 610 2875 partem
627 2812 698 2858 cum
716 2792 837 2858 incerto
860 2791 916 2858 illo
933 2792 1103 2876 Amphidis
1125 2793 1212 2861 fonte
1227 2813 1395 2881 congruere

244 2916 340 2962 nemo
371 2915 435 2962 nou
463 2892 559 2960 videt.
611 2894 677 2961 Sed
707 2893 846 2960 auctoris
875 2914 990 2960 nomen
1019 2895 1154 2961 Hesiodi
1183 2896 1395 2964 definitionem

243 2998 386 3081 requirit.
431 2996 539 3062 Verba
568 2996 669 3063 secuti
698 2995 957 3080 compilatorum,
989 3015 1072 3078 quae
1097 2997 1130 3062 iu
1151 2997 1300 3082 Epitome
1329 3001 1395 3068 sunt

248 3099 377 3188 Ταύτην
401 3105 454 3180 [sc.
476 3096 537 3187 τὴν
567 3093 685 3185 ὅρκτον
707 3095 766 3186 τὴν
788 3097 945 3186 μεγάλην]
971 3094 1128 3175 Ἡσίοδός
1157 3122 1242 3187 φησι
1263 3094 1395 3166 Λυκάο-

244 3226 300 3279 νος
327 3205 498 3287 θυγατέρα
527 3199 561 3266 ἐν
583 3193 747 3288 Ἀρκαδίᾳ
776 3199 877 3267 οἰκεῖν
912 3209 944 3268 ct
972 3201 1059 3267 idcm
1087 3200 1285 3269 declarantia
1312 3200 1394 3289 apud

243 3306 399 3387 reliquos,
428 3322 560 3370 neccsse
589 3310 637 3370 est
666 3302 833 3370 credamus
860 3301 1037 3369 Hesiodum
1071 3304 1197 3386 signum
1226 3306 1329 3374 Ursae
1357 3324 1393 3369 ex

244 3406 397 3472 Callistus
419 3405 530 3472 fabula
545 3405 725 3488 explicasse
748 3413 780 3471 et
802 3411 901 3472 totam
924 3407 954 3473 ei
974 3407 1188 3473 narrationem
1211 3407 1393 3488 tribuamus,

242 3529 307 3575 non
329 3507 467 3591 priorem
484 3513 607 3591 partem
629 3506 740 3572 sclam.
780 3508 822 3572 Et
843 3527 953 3574 omnes
977 3528 1056 3591 quos
1079 3508 1208 3592 quidem
1230 3510 1329 3577 sciam
1351 3509 1393 3574 sic

243 3610 435 3690 iudicarunt,
466 3629 538 3675 cum
564 3609 775 3675 astronomico
802 3608 888 3691 quod
910 3609 1044 3676 Hesiodi
1073 3612 1132 3678 sub
1161 3613 1288 3679 nomine
1315 3613 1390 3679 fcre-

243 3713 338 3778 batur
360 3711 492 3776 carmini
510 3715 610 3776 totam
626 3711 838 3777 narrationem
853 3711 1063 3795 assignarent.
1101 3711 1194 3792 Quod
1210 3712 1391 3779 confirmare

244 3819 375 3880 conatus
400 3819 449 3877 cst
470 3811 714 3878 Marckscheffel
736 3813 769 3878 iu
791 3812 924 3878 Hesiodi
947 3819 1006 3880 etc.
1029 3817 1142 3898 fragm.
1163 3837 1194 3901 p.
1212 3820 1273 3879 354
1296 3817 1390 3882 altero

242 3921 440 3999 argumento.
485 3913 628 3980 Adnotat
650 3914 748 3981 euim:
776 3909 880 3980 ‘Haec
908 3913 951 3980 ad
974 3916 1208 3984 Astronomiam
1236 3917 1391 4002 pertinere

243 4021 330 4086 certa
352 4017 475 4083 ratione
491 4015 659 4101 collegisse
675 4014 754 4081 mihi
769 4015 881 4082 videor
896 4036 915 4082 e
929 4017 1120 4086 Lact'Plac.
1136 4020 1212 4104 Arg.
1228 4019 1271 4086 ad
1287 4014 1390 4087 Ovidii
