2988 4728
486 298 528 353 De
545 298 674 355 callistus
691 298 796 356 fabula.
1160 302 1221 362 325

72 471 216 557 descripti
227 476 309 538 sunt.
335 470 442 536 Alium
450 471 535 538 enim
546 492 617 539 eam
629 473 853 554 narrationem,
869 490 966 554 quam
979 470 1115 539 Ovidius
1133 473 1222 539 exhi-

72 571 163 658 heret,
175 572 392 658 composuisse
403 593 459 639 cur
470 578 647 641 statuamus
658 595 699 641 ue
710 575 776 640 ulla
788 572 918 658 quidem
932 578 981 640 est
997 593 1107 640 causa:
1124 575 1221 641 immo

70 674 156 741 inea
177 675 248 760 ipsa
270 675 353 741 inest
375 674 461 758 quod
482 675 525 741 ah
547 674 611 740 alio
634 674 810 758 profectum
833 695 904 743 esse
920 677 975 743 vix
997 675 1086 742 credi
1100 677 1220 760 possit,

71 777 175 844 matris
197 776 270 843 dico
293 796 365 842 cum
387 775 454 842 filio
474 795 678 861 congressum
700 777 734 843 in
748 778 855 844 Fastis
872 798 934 844 non
952 777 1055 843 minus
1071 797 1167 862 quam
1189 777 1223 844 in

70 878 192 946 hletam.
209 877 336 961 (inillis
359 885 475 961 tamen,
498 884 534 946 ut
547 898 645 963 supra
661 877 737 963 dixi,
761 886 858 964 poeta
873 880 1075 947 manifestam
1091 879 1221 964 quidem

70 1000 132 1046 cunr
140 981 278 1048 veritate
285 981 534 1066 discrepantiam
545 979 673 1066 vitavit)
686 982 783 1048 talem
795 983 899 1065 qualis
907 1001 978 1047 cum
986 982 1128 1050 siderum
1140 984 1222 1049 iuter

69 1100 99 1147 se
113 1082 324 1151 collocatione
338 1088 467 1167 pugnet.
506 1082 622 1148 Rerum
637 1081 735 1162 igitur
748 1084 937 1151 caelestium
954 1090 1005 1149 sat
1027 1085 1221 1151 incuriosum

68 1191 172 1253 auctor
187 1205 223 1252 se
237 1187 379 1268 praehet.
416 1184 488 1250 Hac
502 1189 611 1252 autom
633 1206 667 1252 re
681 1183 828 1271 proditur
842 1185 997 1270 Ovidius,
1021 1185 1078 1269 qui
1099 1190 1221 1268 quanta

67 1285 185 1354 incuria
206 1286 239 1352 in
254 1287 350 1370 rebus
365 1286 589 1354 astronomicis
604 1293 751 1354 versatus
766 1288 818 1370 sit,
841 1287 951 1354 Idelcr
966 1287 1046 1353 satis
1069 1287 1219 1354 ostendit.

67 1387 128 1454 lam
151 1409 229 1457 vero
251 1388 285 1454 in
307 1407 478 1469 congressu
500 1389 558 1457 illo
577 1389 781 1474 depingendo
798 1389 1021 1456 Eratosthenis
1038 1389 1221 1474 exemplum

67 1488 209 1558 descrere
223 1512 286 1559 non
308 1490 411 1575 potuit
425 1488 489 1557 nisi
504 1491 559 1573 qui
580 1496 656 1559 ante
671 1493 823 1560 omiserat
839 1493 995 1559 violatam
1010 1491 1133 1576 Lycaei
1147 1491 1219 1558 reli·
1346 1511 1349 1518 ·

66 1591 197 1673 gionem.
245 1592 308 1673 Qui
330 1597 437 1659 autem
460 1592 521 1660 hoo
543 1593 639 1660 modo
662 1594 884 1662 Eratosthenis
907 1594 1123 1682 narrationem
1147 1613 1220 1660 con·

67 1694 199 1762 traxisse
224 1695 394 1779 reperitur,
424 1692 529 1761 cidem
559 1702 682 1763 ceteras
713 1715 840 1779 quoque
868 1696 998 1762 fabulae
1028 1695 1221 1762 mutationes

67 1795 225 1878 assignare
232 1815 291 1881 par
298 1805 356 1865 est.
372 1799 457 1878 Ergo
465 1797 540 1864 hinc
548 1795 883 1880 quoqueadOvidium
892 1797 1037 1864 ducimur
1046 1804 1221 1864 auctorem.

19 1901 20 1918 ³
144 1899 216 1964 Iam
237 1918 337 1984 pergo
366 1898 409 1964 ad
437 1899 627 1965 narrationis
655 1898 672 1963 f
676 1899 789 1965 inem.
840 1900 976 1966 Restant
1008 1898 1094 1964 onim
1124 1895 1221 1962 haec:

66 1997 147 2082 luno,
165 2000 253 2084 quod
266 1999 398 2068 Callisto
413 2000 497 2067 inter
513 2000 621 2067 sidera
632 2009 763 2086 recepta
780 2005 838 2083 est,
854 2000 1023 2084 indignata
1035 1998 1078 2064 ad
1090 1997 1221 2081 Tethyn

66 2108 93 2164 et
113 2101 289 2185 Oceanum,
313 2120 447 2184 quorum
468 2103 545 2170 olim
568 2103 698 2170 alumna
720 2103 799 2188 luit,
829 2102 997 2170 descendit
1019 2106 1052 2167 ct
1074 2100 1222 2166 iniuriam

66 2202 121 2268 sibi
150 2204 276 2270 illatam
306 2209 420 2286 questa
447 2215 539 2289 rogat
569 2216 666 2289 atque
696 2207 738 2272 ab
768 2208 814 2273 eis
842 2208 1008 2290 impetrat,
1038 2208 1074 2269 ut
1103 2222 1222 2269 novum

65 2304 149 2372 sidus
173 2306 216 2370 ab
239 2323 378 2387 aequore
400 2326 526 2391 semper
547 2308 766 2391 prohibeatur.

145 2405 290 2472 Primum
305 2408 492 2489 explicatur,
515 2429 570 2474 cur
585 2409 669 2475 Ursa
684 2428 847 2491 nunquam
869 2407 1003 2473 occidat.
1042 2405 1105 2483 Qui
1122 2403 1222 2488 expli-

17 2581 18 2590 ,
67 2511 220 2576 ostionem
236 2507 360 2574 invenit
375 2509 417 2573 ab
433 2509 479 2576 eis
494 2511 655 2594 profectus
672 2516 730 2594 est,
751 2529 833 2592 quac
849 2511 928 2577 Iuno
944 2506 1031 2593 apud
1047 2506 1222 2572 Homerum

66 2606 137 2676 dicit
160 2607 208 2692 (Ξ
229 2613 286 2674 201
302 2610 381 2691 sq.):

141 2705 299 2779 Ὠκεανόν
321 2735 358 2776 τε
379 2715 472 2778 θεῶν
493 2717 619 2798 γένεσιν
640 2717 696 2781 καὶ
718 2717 845 2802 μητέρα
872 2711 999 2799 Τηθύν,

147 2812 185 2879 οἵ
203 2806 242 2898 μ’
268 2811 302 2881 ἐν
327 2826 446 2902 σφοῖσι
469 2813 625 2899 δόμοισιν
649 2814 683 2882 ἐι)
706 2821 831 2905 τρέφον
855 2809 910 2904 ἠδ’
939 2808 1130 2882 ἀτίταλλον.

67 2913 127 2981 Sed
150 2916 223 2999 quis
245 2917 390 2984 invenit?
426 2918 523 3002 Apud
546 2919 688 2987 Graecos
716 2941 800 2987 nuno
827 2919 959 3001 quidem
988 2919 1084 2985 istam
1113 2939 1222 2984 narra·

66 3014 238 3084 tiunculam
252 3019 368 3085 frustra
380 3021 573 3102 quaerimus,
586 3038 769 3102 quanquam
785 3019 861 3086 inde
873 3021 915 3084 ab
928 3017 1220 3084 Alexandrinorum

67 3125 186 3202 aetate,
215 3127 387 3203 postquam
415 3122 481 3186 iam
508 3121 667 3186 Homerus
695 3141 792 3187 versu
819 3120 873 3206 οἴη
904 3112 936 3184 δ’
970 3113 1121 3201 ἄμμορός
1151 3114 1224 3182 ἐστι

17 3247 18 3258 ¹
67 3216 208 3306 λοετρῶν
226 3212 394 3289 Ὠκεανοῖο
417 3223 584 3308 praeclare
606 3223 754 3306 praeivit,
778 3221 863 3288 Ursa
885 3239 1049 3303 nunquam
1072 3216 1223 3284 occidens

67 3317 97 3385 iu
112 3321 226 3388 horum
241 3342 369 3407 quoque
391 3324 506 3390 litteris
521 3325 573 3391 hic
586 3325 654 3391 illic
669 3330 945 3407 commemoratur,
968 3323 1058 3388 velut
1072 3340 1092 3385 a
1107 3323 1222 3389 Nonne

66 3420 179 3509 tlara,
194 3425 283 3511 1115,
305 3427 399 3494 XXV
412 3432 473 3493 136
485 3447 543 3512 sq,
565 3433 637 3504 397,
660 3427 919 3495 xxxvlllacr.
956 3424 1023 3492 Sed
1046 3445 1130 3508 quae
1146 3423 1220 3492 Ovi-

68 3519 136 3590 dius
163 3535 291 3594 enarrat
312 3529 472 3613 significat
499 3532 623 3612 ipsosne
641 3540 739 3614 poeta
762 3528 915 3604 Latinus,
944 3529 1034 3596 cuius
1056 3547 1168 3595 versus
1189 3529 1223 3594 in

68 3620 318 3709 Hpg.lab.177
350 3633 471 3698 servati
497 3640 580 3699 sunt.
624 3632 696 3698 Illic
723 3633 808 3700 enim
837 3633 923 3715 quod
951 3631 1104 3698 Callistus
1132 3628 1222 3694 sidus

68 3743 128 3792 non
149 3729 275 3797 occidat
296 3732 344 3797 ita
365 3733 561 3816 explicatur:

143 3830 284 3917 ‘Tethys
306 3835 400 3919 enim,
423 3835 544 3903 Oceani
566 3857 657 3917 uxor,
679 3837 787 3904 nutrix
809 3837 954 3918 Iunonis,
977 3834 1127 3920 prohihet
1150 3853 1221 3898 eam

17 3991 18 4008 ,
69 3927 100 3993 in
121 3953 275 4001 occanum
298 3936 450 4004 occidere.
489 3938 552 4018 [hic
575 3959 650 4022 ergo
679 3940 855 4023 septentrio
878 3940 1000 4015 maiorl.
1038 3935 1080 4002 de
1102 3956 1167 4019 qua
1189 3936 1222 4000 in

71 4036 192 4104 creticis
214 4039 375 4105 versibus:
