2958 4734
521 257 563 313 De
582 258 709 314 Callistus
727 259 828 314 fabula.
1189 264 1250 326 255

90 450 164 496 cum
194 428 241 494 cis
264 447 347 511 quae
368 429 499 496 Aristot.
515 429 547 496 in
564 430 645 502 Hist.
661 452 712 499 an.
727 454 759 518 p.
777 433 861 499 caol
877 437 917 498 33
947 433 1089 520 scripsit:
1110 441 1185 524 γένη
1215 430 1247 501 δ’

90 529 164 597 ἐστὶ
194 528 338 597 λεόντων
368 528 443 595 δύο·
475 529 601 598 τούτων
636 526 668 599 d'
701 533 773 600 ἐστὶ
802 531 841 600 τό
870 534 931 618 μὲν
967 536 1251 625 οτρογνολώτερον

90 636 147 700 καὶ
171 624 449 719 οὗλοτριχώτερον
480 632 677 722 δειλότερον,
706 633 744 701 τό
776 635 812 701 δὲ
834 634 1038 724 μακρότερον
1068 642 1125 706 καὶ
1148 633 1250 706 sioc-

90 760 205 821 τριχον
221 726 463 821 ἀνδρειότερον,
486 756 570 820 quae
584 739 665 805 Plin.
686 739 719 804 in
733 739 807 806 Nat
824 738 897 806 hist.
915 740 991 807 VIII
1006 744 1047 806 46
1069 741 1116 808 sic
1137 744 1248 809 vertit:

87 840 246 905 ‘Leonum
262 836 326 904 duo
341 858 469 921 genera,
491 841 670 923 conpactilc
686 847 718 906 et
740 841 838 908 breve
853 841 1058 928 crispioribus
1074 843 1168 928 iubis,
1190 844 1250 912 hos

89 940 277 1026 pavidiores
293 958 364 1006 esse
379 959 475 1022 qnam
490 943 604 1023 longos
619 942 820 1028 simplicique
834 936 937 1010 villo'.
971 945 1130 1024 Quoniam
1151 945 1249 1030 igitur

88 1036 201 1108 οὐκέτι
230 1039 382 1127 λαχνήεις
410 1045 463 1110 vel
492 1044 543 1111 leo
572 1050 636 1127 est,
667 1046 722 1126 qui
751 1044 903 1130 crispiore
931 1046 1008 1112 iuba
1030 1052 1154 1132 careat,
1184 1067 1247 1131 quo

86 1143 221 1212 tandem
254 1143 324 1210 iure
356 1141 549 1229 λαχνόγυιος
581 1145 739 1230 appellari
766 1149 873 1232 potest
900 1148 1029 1228 leaena,
1062 1150 1150 1216 cuius
1180 1157 1248 1219 tota

86 1246 185 1332 pellis
215 1245 413 1313 brevissimis
440 1245 516 1331 pilis
545 1252 630 1313 tecta
658 1246 740 1312 levis
768 1247 834 1313 sit?
877 1249 920 1314 At
941 1267 1085 1315 ursarum
1116 1251 1247 1318 horrida

86 1348 214 1434 species
231 1367 328 1430 quam
349 1347 431 1414 benc
447 1346 508 1414 hoc
522 1349 680 1416 vocabulo
695 1352 831 1432 notatur,
855 1369 949 1435 quac,
971 1355 1007 1417 ut
1022 1351 1067 1417 ait
1081 1350 1246 1439 Oppianus

85 1452 120 1517 in
133 1450 214 1535 Cyn.
226 1451 275 1517 III
289 1453 358 1532 140,
375 1447 523 1537 λόχνην
536 1450 597 1536 μὲν
612 1448 752 1539 πυκινὴν
768 1449 1008 1517 όοσντοίντολον
1024 1443 1245 1541 ἆμφιέσαντοέ

85 1555 136 1620 llo
159 1558 268 1618 autem
283 1552 453 1637 vocabulo,
476 1554 562 1634 quod
579 1553 700 1620 bestiae
715 1559 881 1639 aspectum
896 1573 993 1638 quam
1007 1557 1244 1626 accuratissime

86 1654 332 1738 certissimeque
354 1662 430 1720 ante
451 1655 559 1722 oculos
581 1661 727 1741 poneret,
749 1661 847 1740 poeta
868 1676 907 1722 eo
930 1658 1033 1742 magis
1054 1658 1101 1725 uti
1124 1657 1245 1746 debuit,

85 1756 175 1840 qnod
197 1757 333 1824 bestiam
361 1756 465 1841 ipsam
487 1776 550 1823 non
572 1758 702 1823 nominc
724 1756 925 1842 designasse,
956 1759 1015 1826 scd
1038 1761 1244 1848 descripsisse

84 1864 213 1926 tanturn
241 1857 376 1924 videtur.
427 1857 518 1925 Haec
546 1865 653 1925 autem
683 1877 779 1941 quam
806 1860 974 1926 statuimus
1010 1864 1160 1928 vocaan
1194 1866 1243 1932 vis

85 1961 202 2028 ceteris
224 1980 308 2045 qnae
323 1960 440 2027 afferre
455 1979 586 2046 possum
608 1960 766 2046 exemplis
789 1960 1007 2028 confirmatur:
1030 1984 1104 2029 narn
1128 1965 1243 2034 breves

86 2062 212 2130 bestiae
234 2062 319 2146 pilos
340 2081 496 2145 nusquam
518 2062 693 2148 significat,
726 2081 909 2146 quanquam
936 2065 1002 2132 lato
1030 2087 1089 2134 usn
1111 2073 1201 2152 patet
1222 2088 1244 2133 a

85 2165 239 2249 lanugine
262 2161 315 2246 (cf.
330 2165 423 2231 Hom.
442 2164 667 2251 torqueque
689 2165 731 2231 ad
753 2165 823 2250 apri
838 2165 946 2250 (Hom.
962 2172 983 2232 I
996 2168 1072 2253 548)
1089 2175 1122 2237 et
1137 2169 1242 2238 echini

86 2266 186 2352 (Opp.
202 2265 275 2334 Hal.
292 2268 323 2332 Π
339 2265 414 2347 369)
437 2273 553 2334 saetas.

175 2369 333 2448 Quoniam
348 2369 445 2453 igitur
464 2369 545 2436 ratio
561 2375 594 2435 et
609 2370 761 2437 memoria
776 2369 965 2437 convincunt
980 2369 1111 2458 λεαίνης
1125 2394 1241 2441 nomen

85 2475 272 2557 corruptum
294 2491 365 2539 csse
394 2478 427 2538 et
448 2492 469 2538 a
489 2478 586 2556 poeta
607 2470 768 2556 designari
791 2489 937 2553 ursam,
966 2475 1077 2556 procul
1104 2476 1240 2542 suntab

84 2575 243 2642 hocloco
266 2573 418 2641 habenda
440 2573 578 2657 quaein
600 2572 739 2640 homiliis
754 2578 881 2640 exstant
895 2572 1079 2658 singularia.
1118 2575 1240 2656 Quibus

84 2677 215 2744 reiectis
238 2675 332 2743 simul
354 2674 441 2743 cadit
462 2695 560 2741 unum
584 2674 665 2742 illud
687 2674 916 2760 adminiculum
937 2676 1083 2745 lectionis
1105 2676 1239 2763 ἐπέβας,

84 2777 174 2863 quod
195 2778 251 2844 ille
271 2779 360 2846 locus
375 2778 554 2844 ministrare
569 2777 748 2861 videbatur,
770 2797 829 2844 nec
844 2777 909 2845 iarn
924 2777 1045 2862 dubito,
1068 2781 1144 2863 quin
1167 2802 1239 2849 cum

83 2880 266 2965 Hartangio
289 2879 506 2966 reponendum
534 2880 577 2946 sit
599 2871 757 2965 ἆντεβος,
787 2899 851 2963 qua
877 2879 1044 2946 lenissima
1065 2884 1238 2950 mutatione

83 2988 119 3052 et
141 2982 297 3050 concinna
324 2981 361 3046 fit
381 2982 577 3067 comparatio
607 2985 639 3048 et
666 2982 747 3048 mira
769 3000 840 3049 esse
868 3001 907 3046 ac
928 2981 1099 3061 singularis
1121 2983 1238 3050 desinit

82 3086 207 3168 fabula,
229 3087 422 3170 quapropter
443 3102 506 3149 non
526 3083 688 3166 intellego,
711 3102 766 3149 cur
788 3082 871 3148 hanc
892 3080 1147 3148 emendationem
1170 3082 1236 3150 edi·

83 3195 172 3254 tores
194 3186 379 3273 spreverint.

174 3287 339 3355 Sententia
361 3285 491 3370 quidem
513 3285 578 3353 iam
600 3286 698 3370 plana
720 3289 769 3352 cst
789 3291 929 3370 apteque
943 3284 1103 3371 procedit:
1126 3288 1163 3352 In
1185 3307 1254 3355 cas

83 3391 153 3477 pite
174 3390 302 3476 ponitur
324 3395 476 3471 tanquam
491 3384 698 3471 παράδοξονι
722 3386 850 3455 beatam
871 3387 971 3456 fuisse
986 3388 1130 3473 Callisto,
1153 3409 1236 3473 quae

83 3514 127 3560 ex
150 3493 237 3559 lovIs
260 3492 428 3558 concubitu
450 3491 585 3559 abiisset
607 3495 744 3573 mutata;
768 3490 875 3557 statim
898 3491 980 3558 ratio
1003 3490 1148 3559 subiecta
1169 3500 1234 3560 est:

81 3597 214 3664 beatam
237 3613 309 3660 cam
336 3595 435 3660 fuisse
463 3611 541 3678 prae
563 3592 669 3675 Leda,
698 3593 774 3674 quia
800 3594 921 3660 formae
948 3594 1069 3659 iactura
1097 3594 1234 3679 aegritu·

82 3699 203 3781 dinem,
225 3696 311 3761 malo
332 3695 480 3761 nimirum
504 3695 625 3761 minore
648 3694 762 3777 maius,
784 3694 956 3780 effugisset.
1001 3694 1135 3777 Singula
1156 3716 1234 3762 vcro

81 3800 186 3867 verba
212 3797 353 3882 graviter
386 3803 535 3880 corrupta
567 3796 724 3863 medicum
757 3795 862 3862 adhuc
894 3793 1086 3862 desiderant.
1136 3795 1234 3864 (laius

81 3920 217 3970 munere
245 3900 301 3983 qni
329 3898 493 3980 hucusque
522 3899 736 3981 sanctisunt,
770 3918 832 3964 non
861 3897 994 3963 multum
1022 3897 1231 3979 profecerunt.

80 4007 120 4072 In
143 4003 224 4071 falso
255 4002 382 4068 omnino
404 3999 611 4067 fundamento
638 4001 760 4085 positas
789 4019 860 4066 csse
889 4018 997 4065 eornm
1026 3997 1232 4084 coniecturas,
