2958 4734
505 302 545 356 Dc
564 302 689 356 Callistus
708 303 809 359 fabula.
1170 307 1231 366 261

80 483 205 542 metam.
230 475 261 540 ΙΙ
285 480 302 537 5
327 480 359 540 et
382 477 400 537 6
423 495 453 558 p.
477 477 538 538 797
561 475 610 541 ed.
635 468 745 559 Stav.',
775 477 890 557 quibus
918 477 1104 560 subscripsit
1126 479 1233 545 Rzach

80 578 109 641 in
130 577 207 643 Hes.
232 577 281 643 ed.
304 599 334 661 p.
354 583 409 641 151
428 576 501 641 adn.
539 577 576 641 In
598 577 664 642 illis
687 578 770 642 enim
790 579 994 661 Argumentis
1017 578 1063 644 eis
1087 600 1168 663 quae
1192 603 1233 647 ex

80 678 193 746 ovidio
217 681 321 745 relata.
349 687 422 744 sunt
443 679 589 756 (Callisto
619 699 689 745 esse
711 681 797 746 lovis
827 679 981 746 beneficio
1013 701 1083 747 cum
1106 683 1233 748 Arcade

81 781 157 846 inter
178 788 266 847 astra
280 783 481 863 collocatam,
505 781 564 847 sed
579 783 707 848 lunonis
725 782 847 847 invidia
862 783 904 847 ab
920 803 1040 849 oceano
1057 783 1232 862 exclusam)

80 882 203 949 adiecta
226 889 298 948 sunt
321 883 421 948 verba
439 877 488 949 ‘ut
509 889 620 949 auctor
642 883 801 950 Hesiodus
822 876 960 950 indicat.³

162 985 253 1050 Haec
274 985 339 1050 iam
361 986 589 1051 examinemus.
636 985 747 1052 Verbis
770 1007 887 1069 eorum,
912 987 966 1066 qui
990 985 1233 1055 Catasterismos

81 1087 326 1171 exscripserunt,
348 1109 389 1153 ne
418 1087 489 1168 quis
512 1086 724 1172 deciperetur,
754 1088 819 1153 iam
849 1089 970 1154 monuit
998 1086 1035 1154 0.
1058 1088 1174 1155 Mulier
1200 1091 1233 1155 in

82 1189 201 1270 Proleg.
225 1210 255 1272 p.
282 1191 351 1253 199.
396 1189 485 1254 Vidit
507 1190 590 1256 enim
613 1198 823 1256 auctorum
845 1190 1008 1255 nomina
1033 1191 1082 1256 ad
1105 1192 1230 1258 histo-

81 1291 158 1356 rias
180 1292 280 1372 fere,
309 1310 386 1356 non
416 1291 462 1356 ad
493 1292 806 1358 catasterismos
834 1292 1059 1376 pertinere,
1089 1313 1230 1358 nonnun-

82 1411 171 1471 quam
193 1392 249 1457 vel
271 1393 436 1458 contrariis
450 1393 574 1477 verbis;
597 1395 686 1459 cuius
702 1395 749 1459 rei
769 1393 922 1458 nonnulla
944 1393 1052 1459 attulit
1074 1398 1231 1488 exempla,

83 1513 209 1574 quorum
232 1495 516 1562 luculentissimum
537 1516 577 1561 ea
600 1497 761 1563 continent
790 1514 873 1575 quae
895 1494 936 1560 de
959 1495 1090 1579 Virgine
1112 1498 1232 1582 scripta

82 1597 237 1679 leguntur3
262 1597 379 1662 etenim
402 1597 508 1663 verbis
530 1596 659 1684 Ταύτην
677 1592 835 1673 Ἡσίοδος
857 1594 901 1674 [ἐν
926 1597 1099 1684 Θεογονίᾳ]
1124 1597 1232 1686 εἴρηκε

83 1702 246 1782 θυγατέρα
268 1697 353 1774 Διὸς
373 1701 430 1763 καὶ
454 1698 608 1781 Θέμιδος,
629 1699 812 1764 καλεῖσθαι
833 1697 870 1762 δὲ
893 1691 994 1785 αὐτὴν
1009 1704 1124 1787 Δίκην,
1149 1721 1231 1784 quae

84 1801 240 1885 Epitomes
269 1805 364 1886 caput
391 1802 439 1867 IX
468 1801 623 1884 incipiunt
651 1803 830 1883 quibusque
867 1820 949 1881 quae
986 1803 1083 1867 ceteri
1111 1802 1232 1869 habent

83 1906 174 1969 testes
197 1909 382 1986 congruunt,
406 1903 455 1968 his
477 1903 560 1968 falso
587 1902 630 1969 ad
652 1903 791 1988 Virginis
820 1905 1000 1970 referuntur
1028 1903 1116 1968 sidus
1147 1923 1230 1984 quae

84 2003 236 2072 Hesiodus
264 2006 305 2070 de
334 2005 459 2071 Iustitia
488 2005 662 2089 protulerat
691 2006 766 2090 dea,
795 2006 882 2071 lovis
905 2003 1135 2087 Themidisque
1163 2005 1231 2070 filia

84 2109 130 2182 (cf.
145 2109 265 2189 Theog.
289 2104 347 2172 901
362 2129 410 2191 sq.
434 2113 465 2174 et
487 2107 545 2192 Op.
568 2111 651 2184 256).
688 2109 757 2173 Nec
779 2109 852 2192 plus
874 2109 963 2174 valet
984 2106 1070 2191 quod
1091 2109 1124 2172 in
1146 2108 1229 2190 Epit.

84 2214 114 2273 et
126 2209 219 2276 schol.
232 2212 320 2276 Arat.
338 2210 439 2276 maior
453 2210 645 2277 narrationis
660 2231 734 2294 pars
747 2217 824 2294 apta
839 2218 888 2276 cst
903 2230 943 2276 ex
956 2211 1063 2276 verbis
1074 2206 1230 2285 Ἡσίοδός

85 2331 176 2395 φησι,
204 2319 356 2392 tanquam
385 2313 493 2378 omnia
521 2313 563 2378 ad
586 2313 670 2377 huno
692 2313 839 2394 redeant,
870 2333 944 2377 nam
974 2320 1006 2378 et
1034 2313 1094 2378 hoc
1122 2332 1230 2377 merae

84 2414 296 2497 neglegentiae
324 2414 527 2479 tribuendum
558 2433 628 2480 esse
656 2413 709 2477 vel
736 2412 811 2477 inde
841 2415 960 2495 elucet,
989 2412 1075 2494 quod
1098 2412 1230 2479 Hesiodi

85 2516 266 2582 mentionem
295 2517 370 2581 olim
400 2513 570 2600 Amphidis
598 2515 739 2599 excepit,
767 2522 803 2579 ut
831 2535 914 2580 nunc
941 2516 1037 2581 etiam
1066 2514 1100 2579 in
1129 2514 1228 2579 schol.

86 2615 222 2682 German.
245 2625 278 2682 et
292 2618 413 2703 Hygini
428 2620 554 2684 Astron.
592 2617 677 2702 Ergo
699 2618 733 2683 in
750 2616 811 2682 hac
827 2617 957 2701 quidem
973 2637 1007 2684 re
1024 2614 1229 2682 diiudicanda

85 2717 204 2786 storum
227 2721 416 2804 scriptorum
439 2720 539 2786 verba
560 2741 706 2804 premere
729 2739 793 2784 non
814 2719 898 2786 licet.

161 2822 226 2889 Sed
247 2823 305 2888 niti
328 2822 475 2888 videntur
497 2821 558 2887 viri
580 2821 667 2887 docti
689 2821 789 2888 altero
809 2821 1010 2906 potissimum
1033 2830 1228 2906 argumento,

85 2925 248 2986 testimonio
263 2924 321 2990 illo
335 2923 471 3008 subulae
487 2923 691 2986 Nosoaioaoe
704 2923 851 2989 subiecto.
894 2925 1007 3006 Atqui
1027 2923 1089 2989 hoe
1109 2925 1229 2990 faciunt

85 3043 136 3090 nec
155 3025 274 3110 libelli,
297 3046 359 3109 quo
383 3025 683 3110 metamorphoseon
709 3027 839 3090 fabulae
861 3031 1047 3090 enarrantur
1057 3026 1091 3109 ¹),
1121 3027 1227 3090 condi-

85 3125 195 3195 cionem
211 3148 270 3194 nec
290 3126 551 3210 testimoniorum,
574 3147 657 3210 quae
679 3127 796 3192 fabulis
811 3124 970 3191 nonnullis
993 3145 1125 3210 aspersa
1146 3133 1228 3211 sunt,

85 3225 171 3296 fidem
200 3229 436 3312 quaesiverunt.
487 3229 685 3298 Testimonia
716 3229 799 3293 enim
828 3245 953 3292 summa
981 3247 1052 3295 cum
1082 3230 1229 3296 cautione

85 3329 258 3398 adhibenda
273 3351 344 3397 esse
359 3332 411 3396 vel
426 3332 530 3398 obiter
542 3330 747 3416 perlustranti
759 3337 903 3414 apparet.
930 3329 1117 3397 Laudantnr
1129 3332 1229 3396 semel

86 3430 184 3517 Varro,
199 3434 300 3500 semel
314 3433 502 3516 Phanoclcs,
518 3434 659 3517 septiens
675 3432 843 3515 Hesiodus,
859 3434 914 3515 qui
929 3434 1029 3499 semel
1044 3434 1229 3500 coniunctus

86 3541 127 3598 est
148 3556 215 3602 cam
231 3535 394 3620 Euripide.
432 3535 499 3601 Sed
520 3537 553 3603 in
576 3535 625 3601 his
648 3535 805 3602 dubitatio
820 3557 859 3602 ac
876 3535 1015 3620 suspicio
1032 3535 1081 3600 bis
1104 3539 1227 3600 tantum

86 3638 223 3704 exclusae
234 3644 322 3704 sunt:
337 3639 371 3703 in
386 3639 433 3704 eis
449 3658 532 3721 quae
546 3639 669 3703 initium
681 3639 815 3705 faciunt:
829 3632 958 3720 ‘Chaos
975 3643 1010 3703 ut
1024 3636 1227 3703 Hesiodus

104 3757 272 3767 --———-.--

163 3810 186 3871 ll
202 3805 331 3861 Editores
348 3807 468 3860 libellum
486 3806 632 3860 Lactantio
651 3804 828 3871 donaverunt,
847 3819 1000 3874 quanquam
1017 3805 1045 3857 in
1064 3803 1121 3858 cod.
1141 3803 1225 3858 Marc.

84 3885 134 3941 sine
151 3891 257 3944 nominc
275 3897 372 3956 exstat,
391 3892 419 3945 in
437 3891 635 3958 Laurentiano,
663 3889 709 3958 qui
726 3895 815 3944 tamma
833 3891 878 3944 illo
902 3893 991 3944 aetate
1013 3892 1042 3942 et
1065 3889 1227 3943 auctoritate

83 3971 243 4042 interiorunt,
263 3976 363 4030 Donati
376 3992 473 4032 nomen
490 3977 552 4041 lert,
571 3975 606 4030 cf.
620 3975 761 4042 Munclxer,
775 3975 860 4044 Myth.
875 3975 935 4029 Lat.
949 3973 975 4027 ll
990 3973 1076 4041 prael.
1089 3973 1175 4041 p.VlI
1185 3990 1225 4042 sq.

84 4053 208 4126 Foerstcr,
221 4056 314 4116 ‘Raub
332 4075 358 4116 u.
377 4060 526 4115 Rt'rcklrehr
543 4060 568 4114 d.
587 4057 722 4129 Perseph.’
743 4079 769 4130 p.
786 4063 835 4114 290
850 4059 913 4113 adn.
