2988 4728
214 428 276 491 302
310 385 319 404 x
655 426 821 484 Reinholdus
839 427 927 482 Franz

213 607 310 687 poeta
332 600 434 666 electo
457 597 571 666 sideris
594 597 722 664 nomine
744 598 834 666 aliud
855 605 1019 682 spectasse
1041 619 1138 683 quam
1162 606 1196 667 ut
1217 601 1377 670 Callistus

214 702 466 769 catasterismum
481 699 684 781 significaret.
729 700 867 780 Quodsi
884 700 1111 786 Callimachus,
1134 707 1169 767 ut
1185 721 1284 787 supra
1298 723 1372 788 pro-

216 804 379 885 bavimus,
407 801 492 867 hunc
519 802 648 869 fabulae
677 802 799 869 exitum
829 803 964 887 invenit,
995 803 1184 870 Theocritus
1213 803 1302 870 illius
1325 805 1374 870 in-

212 909 343 972 ventum
365 902 540 970 scientibus
557 909 607 970 sat
629 903 801 971 manifesto
825 904 1012 987 designasse
1040 903 1203 989 putandus
1226 912 1285 972 est.
1323 907 1374 973 Ac

214 1008 350 1073 fortasse
372 1004 425 1070 hic
439 1003 585 1071 sodalem
606 1003 698 1088 ludit,
721 1026 792 1072 cum
807 1007 840 1071 in
854 1006 962 1074 verbis
974 1001 1101 1081 Ἑλίκας
1115 997 1210 1092 ἠρίον
1226 1026 1245 1072 e
1259 1015 1372 1074 vetere

213 1111 301 1175 fama
315 1106 430 1174 retinet
446 1107 612 1190 tumulum,
628 1107 786 1191 sepultam
801 1115 908 1174 autem
924 1108 1038 1175 sideris
1053 1107 1182 1174 nomine
1197 1115 1371 1194 nuncupat.

212 1209 417 1277 Theocritum
433 1213 541 1276 autem
557 1207 851 1291 CaIIImachumque
865 1210 1001 1276 alterum
1016 1209 1147 1276 alterius
1162 1228 1261 1292 saepe
1277 1229 1370 1277 oocu-

210 1332 289 1397 pare
312 1310 398 1377 dicta
420 1314 452 1376 et
473 1308 631 1394 respicere
652 1311 784 1376 inventa
806 1317 880 1378 ante
896 1311 1058 1377 biennium
1072 1309 1225 1378 Alfredus
1240 1311 1370 1378 Cercke

210 1414 245 1480 in
266 1413 347 1479 Mus.
370 1411 471 1478 Rhen.
493 1411 586 1476 XLII
607 1432 637 1495 p.
662 1413 723 1474 592
735 1429 804 1494 sqq.
828 1413 936 1479 multis
963 1413 1121 1498 exemplis
1148 1412 1371 1480 demonstrare

211 1513 348 1597 studuit;
377 1513 501 1594 aliquot
523 1532 564 1578 ex
587 1512 634 1580 eis
656 1512 786 1579 refutari
807 1532 902 1597 posse
924 1514 1080 1597 concedo,
1109 1520 1143 1580 at
1164 1533 1227 1581 non
1250 1515 1369 1597 omnia,

212 1623 248 1682 ut
270 1635 342 1682 cum
356 1613 533 1680 Rannowio
548 1633 648 1698 nuper
667 1613 829 1680 contendit
843 1614 1012 1682 Eduardus
1027 1615 1139 1698 Hiller,
1163 1616 1218 1698 qui
1239 1615 1274 1680 in
1289 1617 1370 1683 Bur-

211 1716 294 1783 siani
315 1716 386 1781 Act.
402 1735 474 1781 ann.
489 1714 566 1780 XVI
587 1713 700 1798 (1888)
723 1736 755 1799 p.
775 1719 833 1782 185
854 1711 970 1783 ‘Keine
992 1717 1093 1783 Stelle
1117 1716 1168 1782 bei
1191 1710 1364 1784 Theokrit’

211 1817 315 1902 inquit
334 1811 509 1897 ‘existiert‚
537 1837 589 1883 wo
618 1816 676 1882 wir
703 1817 848 1900 genbtigt
870 1823 995 1899 waren,
1025 1817 1096 1885 eine
1121 1817 1280 1885 bewusste
1302 1821 1366 1884 An-

148 1928 150 1933 ’
210 1920 352 1999 lehnung
366 1938 408 1984 an
424 1918 643 1983 Kallimachos
658 1910 913 1984 anzunehmen.'·
935 1919 985 1983 De
1007 1918 1068 1985 hoc
1088 1920 1160 1985 loco
1181 1925 1238 1984 aut
1252 1919 1371 2005 despe.

213 2022 349 2087 randum
371 2027 421 2087 est
443 2025 499 2085 aut
520 2019 586 2085 tale
608 2017 687 2101 quid
708 2018 956 2086 concedendum.

295 2122 386 2202 Quae
408 2127 516 2187 tamen
537 2120 581 2187 ad
603 2121 693 2206 σῆμα
710 2118 927 2185 Λνκαονίὸαο
950 2121 1111 2204 pertinent
1125 2123 1227 2188 verba
1247 2119 1286 2188 τὸ
1310 2125 1369 2190 καὶ

210 2220 415 2308 μακάρεσσιν
440 2213 561 2307 ἀγητόν
584 2222 759 2304 explanare
781 2241 905 2305 nequeo
921 2258 964 2268 -
979 2220 1020 2289 de
1043 2223 1248 2307 Lycaonidae
1271 2225 1369 2308 enim,

210 2324 371 2391 Arcadem
385 2323 548 2408 intellego,
564 2329 768 2390 monumento
780 2329 905 2408 praeter
920 2325 1016 2390 situm
1028 2325 1108 2391 nihil
1120 2327 1302 2409 accepimus
1314 2364 1367 2410 -,

209 2426 269 2494 sed
284 2425 334 2491 his
349 2444 477 2508 quoque
492 2423 666 2510 significari
680 2425 824 2510 suspicor
837 2425 981 2511 aliquam
995 2427 1211 2493 narrationem
1221 2426 1367 2494 eiusdem

210 2530 346 2595 fortasse
367 2534 484 2610 poetae
507 2535 573 2593 tum
595 2531 714 2608 notam,
736 2547 820 2593 nunc
841 2528 1020 2594 obscuram.

298 2627 505 2692 Callimachus
533 2630 611 2711 ipra
646 2629 701 2711 qui
729 2627 880 2694 Callistus
913 2628 1017 2712 tetigit
1044 2630 1187 2696 fabulam
1199 2629 1223 2714 ¹)
1254 2631 1367 2715 hymni

173 2787 175 2792 -
210 2751 244 2796 ¹¹¹
266 2730 332 2795 ¹⁰¹·
357 2745 405 2793 γε·
429 2731 529 2808 leq·
601 2847 644 2856 -
666 2845 707 2855 -
729 2810 960 2879 calamaucos
983 2812 1020 2878 δέ
1041 2838 1098 2897 W
1120 2806 1209 2902 ὕδωρ

456 2910 573 2977 υἱωνοὶ
596 2916 734 2978 πίνουσι
755 2919 948 3002 Λνκαονίης
970 2911 1115 3002 ἄρκτοιο,

209 3017 372 3102 adhibuit,
398 3015 426 3082 si
449 3016 594 3082 Catullus
616 3015 650 3081 in
672 3014 733 3081 hac
760 3036 795 3082 re
818 3019 1001 3103 exemplum
1026 3039 1118 3085 suum
1141 3022 1301 3104 expressit
1322 3058 1366 3069 -

209 3139 268 3186 nec
291 3118 444 3186 credibile
466 3118 546 3184 talia
564 3119 743 3184 Romanum
763 3127 891 3203 poetam
913 3120 1018 3204 ipsum
1035 3120 1201 3188 addidisse
1220 3158 1272 3205 —‚
1296 3124 1367 3192 eius

209 3221 307 3288 etiam
330 3219 585 3287 catasterismum
612 3220 646 3286 in
676 3241 716 3287 ea
743 3221 864 3304 elegia,
893 3239 958 3303 qua
986 3227 1162 3310 Βερενίκης
1189 3221 1366 3308 πλόκαμον

211 3321 388 3388 celebravit
398 3323 431 3395 ί).
467 3321 506 3386 In
521 3321 639 3388 Catulli
654 3321 740 3388 enim
754 3322 894 3388 carmine
909 3323 1013 3388 LXVI
1029 3328 1069 3389 66
1087 3343 1179 3391 coma
1193 3326 1366 3394 Berenices

210 3422 326 3488 dicitur
347 3420 381 3486 in
403 3422 494 3486 caelo
517 3440 588 3487 esse
608 3417 743 3489 ‘Calisto
765 3423 873 3489 iuncta
895 3417 1094 3509 Lycaoniae.²
1134 3427 1212 3511 Ipsa
1231 3428 1365 3496 fabulae

208 3521 349 3590 narratio
365 3521 560 3589 Schneidero
582 3523 615 3588 in
631 3521 856 3590 Callimacheis
870 3525 902 3590 II
923 3547 953 3610 p.
971 3530 1032 3589 574
1055 3526 1182 3594 videtur
1201 3523 1256 3595 ‘ex
1279 3531 1363 3599 libro

209 3625 262 3692 cui
284 3615 446 3710 Ἀρκαδία
469 3626 520 3702 (of.
544 3623 648 3704 Suid.)
671 3624 859 3709 inscriptum
881 3632 950 3692 erat
970 3620 1125 3712 petitae?

296 3761 320 3824 1)
337 3756 401 3811 Sine
421 3771 505 3812 causa
521 3757 604 3812 verba
625 3756 661 3811 ad
685 3755 760 3811 sidus
778 3759 884 3813 rettubt
900 3759 992 3815 Maass
1016 3761 1045 3813 in
1062 3762 1142 3815 Anal.
1160 3761 1237 3816 Erat.
1256 3780 1284 3832 p.
1305 3769 1366 3821 101.

295 3844 321 3907 2)
339 3840 479 3910 TemporIs
497 3841 568 3897 ratio
586 3856 641 3896 uon
659 3841 763 3903 cosae
786 3857 848 3896 nam
867 3844 957 3899 senior
979 3847 1060 3912 poeta
1078 3845 1149 3900 hanc
1167 3846 1280 3915 elegiam
1299 3864 1366 3903 con·

207 3925 282 3990 didit,
300 3923 336 3980 cf.
355 3925 461 3980 Gercke
483 3925 513 3978 iu
529 3925 602 3980 Mus.
619 3924 707 3981 Rben.
725 3925 803 3980 XLII
819 3943 847 3996 p.
867 3931 926 3983 625.
968 3927 1146 3984 Occasionem
1163 3936 1254 3986 autem
1270 3931 1300 3986 in
1319 3933 1366 3988 de·

207 4007 350 4150 ffienrgo
381 4024 452 4066 noro
482 4008 571 4064 sidere
597 4009 723 4065 Callistus
753 4025 860 4080 quoque
888 4013 1067 4069 nominandae
1095 4028 1185 4069 rerum
1212 4016 1367 4084 praebebat

222 4093 229 4106 Ι
259 4092 265 4104 ¹
278 4091 298 4144 Ut
355 4133 362 4148 .

295 4108 415 4243 garae
437 4177 508 4234 idem
532 4176 647 4233 subInde
671 4177 704 4233 de
723 4177 834 4236 Callisto
856 4181 885 4236 in
909 4183 984 4238 caelo
1009 4197 1070 4238 cum
1093 4183 1194 4239 Orione
1215 4185 1366 4241 coniuncta
