2958 4734
254 275 316 337 276
691 277 858 334 ReInboldus
875 277 964 334 Franz

254 458 362 518 autem
389 469 530 535 pugnam
559 450 765 532 subsequenti
793 455 827 515 ut
856 455 924 517 tota
952 470 1034 535 quac
1063 452 1125 519 huc
1148 453 1287 538 pertinet
1309 457 1416 524 series

253 572 451 620 nummorum
480 558 652 620 aeneorum
679 551 875 636 assignanda
904 550 960 635 sit,
994 554 1152 622 sententia
1184 554 1318 624 inclinat
1349 559 1413 624 Im·

255 654 484 722 hocf-Blumcri
499 650 544 738 (p.
563 653 648 737 197),
671 670 776 734 neque
798 651 892 718 aliter
913 652 1073 722 inditasse
1096 654 1223 724 videtur
1245 657 1332 725 Weil
1358 666 1415 727 aut

252 756 288 822 P.
306 755 450 822 Gardner
477 755 510 821 in
531 755 573 821 M.
588 755 625 819 Β.
640 754 735 820 catal.
751 774 781 837 p.
801 756 860 818 182
872 771 957 836 sqq.:
986 761 1021 822 at
1042 756 1137 823 Head
1158 757 1192 823 In
1214 758 1297 826 Hist.
1322 783 1413 830 num.

252 878 283 942 p.
307 861 368 922 377
392 856 549 924 consentit
577 855 618 924 de
645 854 928 923 Orchomeniorum
956 862 989 921 et
1015 856 1321 946 Methydriensium,
1353 864 1412 930 sed

254 957 401 1024 dissentit
423 955 467 1042 (p.
485 955 560 1040 375)
583 955 624 1024 de
645 957 783 1025 nummis
805 956 1047 1043 Heraeensium,
1069 979 1142 1025 cum
1164 958 1223 1029 bos
1245 961 1330 1029 Intra
1354 985 1410 1030 an-

252 1078 311 1125 nos
333 1062 395 1124 322
418 1066 449 1126 et
465 1063 526 1126 280
549 1059 693 1144 collocet,
717 1079 823 1142 cansa,
845 1059 879 1125 ni
900 1059 1003 1140 fallor,
1026 1060 1088 1126 hac
1109 1067 1296 1148 commotus,
1320 1067 1409 1150 quod

252 1160 365 1228 horum
387 1162 489 1228 forma
510 1161 613 1228 minus
636 1179 733 1243 quam
755 1162 882 1229 illorum
904 1162 1047 1245 perfecta
1062 1167 1119 1228 est.
1159 1163 1273 1232 midam
1298 1171 1409 1234 tamen

252 1263 388 1347 tempori
409 1282 520 1332 omnes
548 1263 668 1348 pariter
690 1263 850 1330 ascribere
880 1268 1009 1330 coactus
1031 1263 1087 1344 sit,
1116 1263 1145 1330 si
1173 1265 1244 1350 quis
1268 1265 1311 1334 de
1335 1289 1407 1336 con-

251 1364 323 1432 silio
352 1366 386 1432 in
414 1366 514 1448 signin
542 1364 745 1448 agnoscendo
773 1365 890 1432 sentiat
912 1382 984 1430 cum
1006 1363 1139 1449 Weilio,
1169 1367 1224 1450 qui
1246 1389 1277 1452 p.
1295 1372 1337 1434 34
1361 1372 1407 1438 sic

250 1465 386 1534 iudicat:
405 1461 521 1534 ‘Unter
536 1467 609 1533 dem
625 1465 763 1532 llinflnss
779 1466 834 1534 der
849 1467 1063 1534 arladischen
1077 1466 1408 1556 llinbcltsbcwegung

251 1567 316 1634 und
336 1568 369 1634 in
392 1569 690 1636 unverkennbarem
706 1569 905 1652 Gegensatae
920 1568 1004 1635 darn
1026 1567 1108 1634 wird
1130 1567 1184 1636 die
1199 1569 1405 1658 Stammsage

251 1668 362 1736 betont
382 1669 417 1735 in
438 1669 512 1737 dem
535 1671 645 1756 Typus
668 1671 725 1738 der
747 1669 973 1739 schleesenden
995 1669 1136 1737 Artemis
1165 1670 1230 1736 und
1254 1673 1312 1739 der
1335 1695 1404 1741 num

251 1769 343 1838 Tode
365 1771 564 1855 getroffenen
585 1771 723 1839 Kallisto
746 1773 804 1839 mit
826 1772 901 1840 dem
923 1764 1147 1840 Arkaskiude?
1189 1775 1237 1840 Ac
1259 1775 1403 1859 profecto

251 1879 283 1939 et
312 1870 577 1956 OrchomenIosl)
611 1880 643 1940 et
671 1873 907 1956 Heraeensea2)
936 1873 1054 1940 scimus
1086 1872 1163 1940 inde
1194 1895 1215 1940 a
1246 1875 1403 1962 principio

250 1993 381 2042 aversos
403 1973 502 2043 luisse
524 1995 544 2040 a
566 1975 699 2042 consilio
722 1996 832 2043 omnes
853 1973 996 2042 Arcades
1018 1975 1051 2040 in
1073 1994 1171 2041 rmum
1192 1975 1308 2045 foedus
1331 1999 1401 2047 con-

249 2076 394 2142 sociandi
416 2080 448 2143 et
469 2082 580 2162 contra
599 2078 772 2162 populares
793 2097 884 2144 arma
905 2075 1017 2142 tulisse
1040 2095 1113 2142 cum
1128 2076 1400 2148 Lacedaemoniis.

248 2175 520 2261 MethydrIenscs,
549 2178 605 2259 qui
633 2179 805 2263 parIIoipes
833 2179 959 2244 fuerant
981 2176 1166 2245 condendae
1188 2179 1400 2268 Megalopolis

249 2275 302 2359 (of.
319 2278 411 2343 Pauo.
429 2278 505 2345 VIII
525 2282 575 2362 24,
591 2278 642 2366 4),
671 2299 766 2362 quam
796 2280 937 2347 maxime
967 2287 1016 2344 est
1044 2278 1212 2363 probabile
1240 2281 1325 2349 Inter
1348 2303 1399 2350 eos

248 2376 356 2462 luisse,
380 2380 433 2464 qui
456 2401 520 2448 non
543 2382 642 2450 multo
664 2389 737 2468 post
758 2383 791 2449 in
814 2383 951 2467 patrIam
972 2377 1127 2463 redirent,
1151 2379 1228 2447 dum
1250 2403 1270 2448 a
1293 2383 1398 2467 Mega·

247 2481 431 2564 lopolitanis
453 2483 681 2551 Thebanorum
706 2486 828 2552 auxilio
849 2485 882 2552 vi
904 2483 1130 2550 reducerentur
1152 2483 1206 2563 (ci.
1229 2483 1325 2552 Diod.
1340 2487 1398 2552 XV

248 2581 319 2664 94),
341 2582 447 2649 medlo
469 2590 577 2652 autem
592 2591 736 2670 tempore
749 2587 885 2653 formam
900 2581 1183 2652 Orchomeniorum
1196 2593 1398 2670 receperant,

246 2681 372 2748 fuerant
394 2683 494 2764 enlm,
524 2690 559 2751 ut
579 2687 756 2752 PausanIas
771 2686 846 2751 VIII
861 2688 912 2768 27,
936 2689 955 2748 4
978 2684 1102 2768 scribit,
1132 2681 1167 2749 ἐκ
1195 2687 1262 2752 τῶν
1286 2707 1397 2753 συντε-

248 2780 392 2848 λούντων
415 2781 449 2861 ἒς
467 2782 672 2874 Ὀρχομενόν,
701 2792 732 2854 et
754 2787 919 2868 utriusque
941 2785 1052 2870 oppidi
1074 2785 1232 2868 conditor,
1256 2793 1292 2854 ut
1314 2789 1397 2857 idem

149 2971 153 2980 .
247 2885 323 2951 VIII
339 2889 403 2969 3,3
427 2891 459 2953 et
482 2891 565 2973 36,1
591 2889 696 2972 refert,
719 2888 884 2955 dicebatur
899 2886 1132 2971 Orchomenus;
1155 2891 1269 2971 postea
1290 2909 1397 2958 rursus

244 2986 460 3074 Methydrium
489 2983 590 3057 πόλιν
611 2990 672 3074 μὲν
695 2982 820 3071 οὐκέτι,
843 2981 954 3075 κώμην
978 2987 1014 3054 δὲ
1037 2985 1070 3065 ἐς
1091 2985 1129 3054 τὸ
1154 2990 1397 3072 Μεγαλοπολι-

245 3087 337 3156 τικὸν
367 3091 586 3158 συντελοῦσαν
613 3092 736 3160 Invenil
764 3093 859 3159 Faus.
880 3091 957 3158 VIII
981 3094 1029 3176 12,
1052 3095 1081 3156 2.
1125 3092 1176 3158 Ab
1210 3091 1272 3158 hac
1303 3094 1398 3178 Igilur

244 3196 335 3277 parte
357 3193 466 3260 Weilii
487 3195 665 3263 sentcntiae
687 3194 795 3262 omnia
816 3195 935 3260 lavent
972 3192 1041 3259 Nec
1062 3197 1240 3276 temporum
1262 3196 1345 3262 ratIo
1368 3195 1396 3262 ei

246 3300 402 3378 repugnat
425 3293 683 3362 didrachmarum
705 3315 785 3380 quas
799 3295 984 3362 Pheneatae
1008 3292 1113 3378 effigia
1128 3293 1275 3360 Mercurii
1298 3298 1395 3364 Aroa-

245 3393 319 3460 dem
334 3396 489 3477 gestanda
505 3401 698 3465 ornaverunt
713 3399 849 3464 formam
864 3395 979 3463 eodem
995 3394 1090 3462 modo
1106 3395 1289 3480 explicanti.
1321 3399 1394 3464 Pro·

331 3601 355 3665 ll
373 3597 414 3652 cf.
432 3595 502 3652 Xen.
519 3597 589 3652 Hell.
604 3595 642 3651 VI
657 3595 681 3662 5,
699 3601 727 3650 11
747 3587 934 3667 Ὀρχομενίων
951 3595 981 3653 δὲ
999 3589 1051 3653 οὐκ
1068 3591 1231 3652 ἐθελόντων
1247 3605 1397 3654 κοινωνεῖν

243 3686 296 3740 τοῦ
315 3682 477 3754 Ἀρκαδικοῦ
494 3676 539 3739 διὰ
556 3677 607 3754 τὴν
625 3675 700 3755 πρὸς
718 3681 880 3747 Μαντινέας
898 3676 1008 3752 ἔχθραν
1024 3711 1057 3719 -
1072 3710 1106 3720 -

329 3771 354 3834 2)
372 3765 441 3821 Ibid.
459 3761 582 3840 Ἡραιεῖς
599 3768 628 3826 δὲ
650 3770 700 3823 καί
711 3770 878 3838 Λεπρεᾶται
895 3762 1156 3839 συνεστρατεύοντο
1179 3775 1241 3833 τοῖς
1258 3772 1394 3825 Λακεδαι·

242 3855 355 3921 μανίαις
371 3849 419 3909 ἐπὶ
436 3846 503 3918 τοὺς
518 3851 722 3918 Μαντινέας-
732 3857 760 3907 ct
773 3857 797 3919 5,
807 3853 840 3904 22
859 3849 887 3907 oi
903 3845 1031 3923 Ἀρκάδες
1044 3846 1247 3925 στρατεύουσιν
1264 3850 1313 3910 ἐπὶ
1330 3849 1396 3920 τοὺς

238 3931 376 4009 Ἡραιέας,
395 3927 440 3994 ὅτι
458 3957 489 3994 τε
508 3929 561 3993 οὐκ
577 3933 684 4008 ἤθελον
696 3939 749 3993 τοῦ
765 3929 928 4009 Ἀρκαδικοῦ
939 3936 1067 4006 μετέχειν
1079 3940 1129 3993 καὶ
1140 3927 1184 3993 ὅτι
1199 3933 1394 4011 συνεισβεβλῆ·

241 4040 331 4079 κεσαν
349 4022 388 4088 εἰς
406 4017 457 4094 τὴν
474 4015 624 4095 Ἀρκαδίαν
640 4016 712 4090 μετὰ
731 4025 790 4078 τῶν
806 4019 1050 4104 Λακεδαιμονίαν.
