2958 4734
513 255 555 309 De
574 255 699 311 Callistus
717 257 817 312 fabula.
1181 263 1244 322 253

82 425 175 492 Iovis
205 424 351 508 coniugio
381 427 505 493 venerit
535 426 657 494 iactura
679 431 800 496 formae
831 429 875 512 (v.
897 429 1095 516 ste-383),
1125 454 1188 500 non
1210 435 1243 501 id

83 527 175 610 quod
193 527 302 594 Ledae
325 527 502 614 accidisset,
526 535 562 596 ut
583 528 651 594 lilia
667 531 836 599 exsisteret
856 531 1015 617 pernicies
1030 534 1164 601 duorum
1187 556 1243 620 po·

82 629 236 714 pulcrum
259 629 303 712 (v.
322 631 522 716 383-385);
549 652 632 717 quae
655 633 710 715 qui
732 633 866 700 audiunt
885 654 1017 702 necesse
1041 655 1148 701 eorum
1177 658 1241 704 me-

81 731 252 814 minerint,
287 751 369 814 quae
399 731 440 798 de
473 734 554 801 tristi
582 734 691 802 Ledae
723 734 811 802 exitu
841 736 985 804 Helenae
1013 740 1088 804 ante
1119 738 1242 805 Teucer

80 835 290 902 nuntiaverat
302 835 338 912 1).
376 833 468 913 Quod
483 836 510 902 si
525 835 576 902 his
590 842 706 919 poetae
729 843 866 904 mentem
888 839 1028 907 assecuti
1050 859 1168 921 sumus,
1191 859 1240 906 se·

80 935 208 1034 quitur,
237 943 272 1002 ut
300 936 489 1018 corrigenda
510 939 588 1019 sint,
618 957 701 1020 quae
730 941 939 1008 contentionis
960 941 1087 1009 initium
1108 941 1239 1024 faciunt,

78 1033 109 1101 oi
134 1035 303 1124 μάκαρ-
324 1039 519 1119 Καλλιστοῖ,
542 1037 629 1116 Διὸς
651 1037 671 1104 ἃ
696 1039 814 1122 λεχέων
837 1039 990 1126 ἐπέβας
1013 1039 1240 1129 τετραβάμοσι

77 1145 201 1225 γυίοις,
225 1140 385 1225 siquidem
408 1140 618 1208 contentionis
640 1144 722 1209 ratio
744 1141 921 1228 flagitabat,
945 1151 988 1229 ut,
1013 1146 1090 1230 quid
1106 1144 1239 1212 Callisto

78 1263 124 1308 ex
141 1242 228 1308 Iovis
250 1243 402 1326 amplexu
425 1242 619 1328 abstulisset,
641 1264 784 1327 neuqua
806 1263 878 1310 eum
901 1248 1003 1315 forma
1023 1266 1120 1332 passa
1142 1252 1237 1328 esset,

77 1345 250 1412 diceretur.
295 1345 345 1410 An
365 1344 431 1410 erit
453 1345 507 1426 qui
530 1347 686 1413 sermonis
708 1346 985 1416 inconcinnitatem
1007 1349 1054 1415 ita
1082 1346 1236 1430 quodam·

77 1445 179 1514 modo
196 1467 350 1514 excusare
366 1451 505 1530 conetur,
529 1455 564 1514 ut
585 1449 718 1516 subesse
739 1455 859 1516 statuat
873 1452 1067 1534 singularem
1082 1449 1236 1533 fabulam,

76 1571 123 1616 ex
146 1569 211 1636 qua
225 1549 358 1616 Callisto
381 1569 536 1617 conversa
557 1550 621 1618 iam
643 1550 746 1634 figura
769 1573 840 1618 cum
855 1553 933 1620 Iove
955 1552 1161 1621 concubuerit
1182 1558 1238 1618 aut

78 1652 152 1718 eiua
175 1652 367 1744 cemorensi
389 1651 565 1737 perrexerit
588 1653 685 1720 etiam
707 1654 812 1721 bestia
832 1657 928 1737 lacta,
950 1656 1046 1737 quale
1069 1659 1126 1738 est,
1150 1655 1236 1736 quod

76 1753 121 1819 de
156 1755 191 1820 Io
220 1754 400 1838 Aeschylus
411 1753 456 1838 ί),
470 1754 634 1838 prodidit?
688 1755 781 1822 Certe
814 1755 941 1822 fuerunt
950 1757 977 1839 ³)
1010 1757 1066 1838 qui
1103 1756 1236 1842 λεαίνης

76 1875 214 1938 nomen,
245 1857 331 1938 quod
353 1862 474 1938 tamen,
504 1862 539 1922 ut
565 1857 675 1922 statim
701 1856 886 1941 apparebit,
916 1877 987 1923 cum
1008 1858 1072 1924 ista
1099 1857 1236 1924 lectione

75 1962 231 2041 suspecta
252 1958 411 2025 artissime
427 1959 585 2040 cohaeret,
608 1959 687 2024 satis
709 1959 813 2024 fulciri
834 1978 873 2024 ac
887 1958 1017 2025 defendi
1032 1959 1236 2042 opinarentur

74 2059 216 2125 obscuro
239 2059 379 2142 quodam
400 2063 489 2144 loco,
516 2078 610 2142 quem
633 2060 835 2127 Valckenaer
857 2058 914 2143 (ad
936 2058 1062 2127 Callim.
1078 2059 1159 2145 cleg.
1174 2061 1234 2141 frg.

73 2183 107 2244 p.
128 2161 205 2244 174)
235 2162 267 2227 in
289 2161 439 2243 homiliis,
472 2181 554 2244 quae
587 2159 737 2226 Clementi
762 2161 907 2226 Romano
934 2164 1015 2230 falso
1045 2160 1233 2245 tribuuntur,

72 2263 293 2348 investigavit.
338 2263 487 2330 Continet
515 2263 599 2331 enim
629 2285 738 2331 earum
768 2265 879 2346 quinta
905 2265 1040 2350 Apionis
1068 2263 1234 2332 cuiusdam

72 2366 197 2452 pagani
220 2362 380 2450 ἐγκώμιον
395 2370 555 2448 μοιχείας,
578 2367 610 2430 in
634 2385 695 2450 quo
718 2367 801 2432 inter
824 2371 1024 2432 enumeratos
1038 2367 1125 2432 Iovis
1146 2387 1232 2431 amo-

72 2488 128 2534 res
149 2468 231 2534 haec
252 2468 354 2534 verba
374 2471 542 2533 occurrunt
557 2487 588 2550 p.
608 2471 660 2533 13:
677 2464 784 2548 (Ζεὺς)
800 2466 985 2531 Καλλιστοῖ
999 2468 1040 2551 τῇ
1055 2464 1233 2543 Λυκάονος

71 2563 230 2655 ἠγριάθη
254 2571 337 2634 λέιον
359 2570 413 2634 καὶ
439 2562 540 2634 ἄλλον
562 2573 675 2650 τίκτει,
696 2562 854 2653 Ἀρκάδα.
895 2570 943 2635 Ac
965 2570 1106 2652 profecto
1129 2568 1231 2654 primo

72 2671 209 2755 quidem
231 2672 344 2738 obtutu
367 2671 440 2738 hinc
462 2673 635 2739 memoriae
657 2672 804 2739 codicum
825 2670 905 2740 fides
928 2671 1083 2739 exsistere
1104 2671 1232 2738 videtur

71 2783 175 2856 etque
203 2775 335 2842 alterius
363 2774 426 2840 loci
455 2775 538 2840 alter
559 2780 711 2858 tanquam
741 2775 955 2859 supplementi
977 2773 1079 2841 instar
1101 2774 1230 2841 habere.

71 2879 138 2944 Res
163 2877 246 2942 enim
270 2879 410 2962 postulat
432 2883 465 2942 et
487 2876 672 2961 exemplam)
703 2877 907 2960 confirmant,
937 2885 986 2960 ut,
1016 2877 1067 2943 cui
1088 2876 1231 2961 luppiter

164 3084 189 3146 1)
207 3079 247 3134 cf.
266 3098 290 3134 v.
312 3083 360 3133 135
371 3095 411 3146 sq.
441 3082 502 3134 EA.
522 3075 557 3135 οὔ
575 3073 631 3136 πού
650 3098 692 3134 νιν
706 3072 816 3150 Ἑλένης
834 3071 956 3151 αἰσχρὸν
974 3073 1083 3133 α’)’λεσεν
1099 3076 1197 3146 κλέος,

425 3167 506 3224 ΤΕΥ.
524 3165 620 3233 φασίν,
637 3158 738 3236 βρόχῳ
756 3155 786 3233 y’
805 3153 925 3232 ἅψασαν
942 3155 1041 3233 εὐγενῆ
1058 3161 1149 3233 δέρην.

161 3253 187 3316 2)
205 3249 298 3318 Suppl.
319 3253 368 3303 304
383 3265 423 3317 sq.
448 3251 504 3304 BA.
523 3242 629 3304 οὐκοῦν
646 3244 761 3316 πελάζει
780 3242 850 3312 Ζεὺς
867 3241 916 3304 ἐπ’
934 3239 1075 3319 εὐκραίρῳ
1091 3245 1156 3319 βοΐ,·

296 3334 422 3400 (Weckl.)
441 3336 501 3390 XO.
519 3334 622 3410 φασίν,
633 3332 781 3405 πρέποντα
799 3328 938 3408 βουθόρῳ
955 3328 1050 3408 ταύρῳ
1066 3331 1162 3402 δέμας.

161 3423 186 3486 3)
203 3419 316 3473 Praeter
332 3419 400 3474 alios
418 3418 638 3473 Robcrt·Preller
654 3417 684 3471 in
701 3417 787 3488 Myth.
807 3417 853 3474 Gr.
869 3418 902 3472 1⁴
919 3436 946 3488 p.
964 3423 1014 3473 304
1031 3417 1094 3473 adn.
1112 3421 1136 3472 2.

159 3509 185 3570 4)
194 3502 317 3560 Mutatus
328 3505 356 3558 in
367 3508 476 3558 taurum
487 3502 609 3572 Iuppiter
620 3506 749 3557 narratur
761 3502 848 3558 coisse
861 3518 922 3558 cum
933 3503 964 3558 Io
976 3519 1059 3559 vacca
1070 3502 1116 3568 (cl.
1129 3501 1228 3557 Aesch.

71 3591 169 3660 Suppl.
184 3593 233 3643 305
243 3589 308 3655 W.),
325 3590 353 3644 in
372 3605 471 3658 equum
482 3588 627 3658 Neptunus
645 3604 707 3642 cum
720 3586 817 3642 Cerere
835 3604 904 3656 equa
920 3588 965 3654 (cl.
978 3586 1228 3650 Paus.V11125,5).

70 3673 229 3730 Absurdum
247 3679 296 3740 est,
315 3674 387 3742 quod
403 3674 438 3728 H.
457 3673 579 3728 Schmidt
601 3673 743 3743 opinatur,
766 3672 893 3742 virginem
911 3687 1019 3742 passam
1041 3685 1102 3726 esse
1124 3671 1228 3725 leonem

70 3763 224 3829 (praeterea
236 3775 297 3813 cum
314 3760 368 3814 hcc
385 3761 487 3828 statuit,
505 3760 564 3829 ipse
581 3773 672 3814 secum
689 3762 800 3827 pugnat,
818 3758 945 3825 quoniam
962 3757 1066 3826 recepit
1085 3753 1228 3809 lectionem

70 3844 209 3916 ἐπέβας
226 3841 424 3918 τετραβάμοσι
442 3845 554 3916 γυίοις),
577 3848 605 3897 et
621 3843 768 3899 absurdum
784 3842 852 3897 illud
875 3856 935 3897 esse
959 3847 1051 3906 teneo,
1074 3853 1228 3908 quanquam

72 3946 129 3986 non
147 3927 243 3998 ignoro
262 3944 322 3988 esse
340 3929 420 3983 etiam
437 3929 567 3984 obidens
585 3929 659 3983 ferae
671 3928 774 3984 bestiae
785 3927 872 3996 figura
889 3927 998 3982 indutus
1011 3924 1138 3994 virginem
1155 3923 1227 3978 dica

70 4019 117 4069 tur
135 4013 338 4083 compressisse,
356 4014 429 4068 velut
446 4013 523 4070 Serv.
542 4015 577 4070 ad
590 4017 656 4069 Aen.
669 4015 682 4068 l
695 4019 743 4069 550
762 4014 795 4069 de
812 4013 914 4084 Egesta
930 4013 1037 4066 narrat:
1050 4003 1081 4063 ‘a
1098 4007 1226 4065 Crimisso
