2988 4728
529 405 572 462 De
590 406 716 464 Callistus
733 407 835 464 fabula.
1033 379 1036 386 ⁴
1191 413 1254 476 303

177 575 266 640 Inter
289 575 481 644 Callimachi
503 578 678 663 discipulos
699 579 832 653 Istrum,
857 601 952 665 quem
976 601 1073 668 supra
1095 582 1145 648 bis
1168 604 1252 651 com-

95 676 280 760 memoravi,
303 697 375 744 oum
398 698 439 743 ex
463 678 593 747 dissona
608 680 770 764 memoria,
793 683 930 750 fortasse
945 684 1068 768 Argiva
1090 682 1146 768 (cf.
1167 686 1252 753 infra
1292 685 1298 696 '

93 796 121 860 p.
135 782 196 842 346
208 779 282 861 sq.),
299 784 459 863 sumptum
478 780 662 848 Themistns
676 802 792 849 nomen
807 784 877 850 loco
894 784 1047 853 Callistus
1064 793 1206 870 poneret,
1230 808 1251 852 a
1332 843 1334 847 ,

93 879 244 962 magistro
262 880 406 946 fabulam
424 881 584 967 recepisse
607 902 647 949 ex
663 883 820 967 Stephani
834 884 982 969 Byzantii
995 886 1028 952 in
1044 907 1074 955 v.
1086 878 1250 970 Ἀρκαδία

93 981 198 1047 verbis
222 979 374 1048 discimus
397 981 461 1048 his:
477 977 605 1066 Ἴστρος
628 983 664 1048 δέ
685 1007 797 1071 φησιν,
821 983 875 1051 ὅτι
893 990 1079 1069 Θεμιστοῦς
1089 991 1150 1054 ’καὶ
1164 986 1250 1066 Διὸς

92 1074 245 1167 thapnis
268 1079 405 1166 ἐγένετο,
430 1081 487 1150 διὰ
504 1082 613 1172 δὲτὴν
629 1088 687 1172 τῆς
700 1084 826 1172 μητρὸς
844 1084 1083 1175 ἆττοθηρίωσιν
1099 1084 1248 1176 (ἄρκτῳ

91 1180 162 1268 γὰρ
185 1177 254 1271 ὑφ’
276 1183 404 1268 Ἥρας
427 1178 553 1269 αὐτὴν
575 1182 879 1274 ὁμοιασθῆναι)
908 1187 1030 1276 ταύτης
1051 1204 1159 1272 τυχεῖν
1189 1194 1248 1277 τῆς

90 1290 328 1374 προσηγορίας.
376 1289 445 1352 καὶ
480 1284 524 1352 τὸ
554 1281 706 1370 ὄὶστρον
741 1289 908 1373 λέγεται
935 1287 974 1354 ἐν
1002 1294 1055 1376 τῷ
1085 1284 1248 1378 οὐρανῷ

91 1386 186 1453 τότε
206 1381 359 1474 ἄρκτος
380 1390 601 1475 κληθῆναι,
625 1387 646 1476 ἣ
670 1381 806 1471 ἅμαξα
830 1388 1042 1476 ἒλέγετοῑ).

632 1577 702 1654 §E

177 1693 413 1766 Posterioribus
445 1694 660 1761 Callimachus
693 1714 785 1760 suam
813 1695 915 1762 Ursae
948 1695 1247 1780 interpretationem

92 1796 172 1862 adeo
197 1794 405 1879 approbavit,
432 1800 468 1861 ut
490 1797 629 1879 priorum
658 1797 748 1861 velut
769 1795 861 1861 Arati
883 1794 924 1860 de
947 1796 1038 1862 Ursis
1067 1798 1246 1863 sententiae

91 1897 335 1980 reprimerentur
358 1902 390 1962 et
412 1896 468 1979 qui
489 1904 562 1979 post
585 1917 657 1963 eum
680 1894 723 1962 ad
737 1896 844 1963 sidera
867 1895 1060 1981 explicanda
1080 1915 1245 1964 accessere

90 2017 160 2063 eum
183 2006 392 2079 sequerentur
413 1998 502 2064 velut
524 1999 768 2081 Eratosthenes,
797 2005 833 2064 ut
854 1998 895 2064 de
918 1996 990 2062 aliis
1012 2005 1154 2081 taceam,
1183 1997 1245 2064 nisi

88 2117 106 2161 a
128 2098 265 2183 plaustri
287 2097 394 2182 effigie
417 2097 576 2184 proficisci
605 2101 801 2183 maluerunt,
830 2105 865 2164 ut
887 2099 1113 2166 Eratosthenes
1143 2099 1244 2166 altero

88 2200 157 2268 loco
181 2201 378 2284 Hermippus
400 2199 502 2283 aliil).
541 2202 627 2269 Inter
649 2203 864 2269 Romanorum
887 2200 971 2265 enim
994 2207 1027 2266 et
1049 2199 1245 2268 Graecorum

89 2302 252 2386 vergentis
266 2301 382 2367 aetatis
404 2301 573 2384 scriptores
589 2306 714 2368 constat
728 2303 924 2386 vulgataque
939 2309 990 2368 est
1004 2300 1111 2384 opinio
1126 2302 1245 2368 Ursam

87 2423 156 2469 esse
181 2401 331 2482 Callisto,
362 2407 394 2466 et
416 2401 492 2482 quia
513 2401 555 2467 ab
585 2402 634 2466 his
656 2401 858 2484 potissimum
880 2407 990 2468 nostra
1011 2400 1132 2483 pendet
1152 2401 1242 2467 fabu-

88 2503 193 2570 larum
215 2500 337 2584 notitia,
360 2520 400 2566 ne
419 2502 611 2569 recentiores
634 2501 762 2584 quidem
784 2503 980 2586 dubitarunt,
1003 2500 1080 2583 quin
1102 2502 1144 2567 ab
1160 2502 1245 2569 Ursa

89 2604 242 2670 Callistus
264 2622 401 2687 persona
424 2602 562 2670 discerni
584 2624 647 2671 non
668 2610 787 2688 posset.

172 2708 221 2772 Ac
243 2706 385 2790 profecto
401 2705 453 2772 hic
467 2706 704 2774 oatasterismus
719 2706 933 2774 narrationem
946 2705 1066 2790 optime
1081 2706 1243 2774 concludit

87 2873 209 2942 protuht,
227 2871 298 2926 salsa
315 2877 380 2927 snnt
391 2902 424 2911 —
438 2871 561 2928 confudit
579 2876 650 2928 anim
662 2874 760 2930 Ursam
778 2867 838 2929 e'um
850 2873 962 2928 Callisto
975 2901 1017 2937 -‚
1037 2888 1090 2942 qua
1107 2870 1142 2928 de
1159 2887 1243 2928 causa

90 2973 157 3026 quae
175 2958 204 3012 in
221 2957 264 3011 his
281 2957 373 3025 posuit
390 2955 573 3012 fundamentis
592 2972 643 3012 sua
659 2964 755 3026 sponte
773 2963 912 3012 corruunt.

176 3045 199 3107 1)
217 3040 310 3097 Verba
323 3045 450 3108 extrema,
469 3056 539 3111 quae
551 3042 624 3110 apud
635 3040 803 3109 Stephanum
819 3039 883 3094 Istri
895 3039 1057 3093 mentionem
1068 3039 1242 3105 praecedunt,

89 3140 136 3181 suo
155 3127 217 3181 loco
236 3123 357 3179 restituit
374 3124 553 3179 Wilamorritz
570 3126 599 3178 in
615 3123 707 3178 Herm.
720 3124 784 3177 XIX
802 3140 829 3192 p.
842 3127 891 3177 447
911 3122 973 3177 adn.
987 3126 1011 3175 2.
1025 3151 1058 3160 -
1076 3121 1243 3190 Stephanum

89 3209 234 3278 exscripsit
245 3208 372 3263 Enstath.
386 3207 422 3262 ad
433 3212 459 3264 Β
474 3211 524 3262 603
542 3225 569 3276 p.
582 3210 634 3261 300
651 3213 679 3262 ct
695 3208 731 3262 ad
747 3207 828 3262 Dion.
841 3206 945 3274 Perieg.
963 3209 1022 3271 414,
1040 3209 1069 3260 et
1084 3205 1243 3261 alterutrum

88 3294 210 3350 adhibuit
226 3294 272 3363 qui
289 3293 429 3348 Eudociae
447 3307 545 3348 nomen
562 3292 705 3347 ementitus
725 3295 767 3348 eut
784 3291 929 3348 DXXXVI
946 3309 974 3362 p.
988 3294 1048 3346 260.

172 3383 198 3443 2)
216 3380 317 3433 Aratus
339 3393 364 3431 u.
383 3380 484 3430 30-35
509 3375 593 3432 Ursas
616 3377 687 3432 Iovis
709 3378 828 3434 nutrices
851 3377 936 3433 subse
960 3376 1033 3432 dicit.
1069 3374 1242 3443 simillimam,

87 3463 131 3516 sed
148 3461 307 3527 auctiorem,
325 3461 483 3530 prodiderat
499 3461 620 3516 fabulam
638 3461 834 3530 aglaosthenes
851 3463 880 3517 in
898 3461 1018 3527 Naxicis,
1037 3461 1072 3515 cf.
1090 3460 1196 3517 Rohert
1213 3461 1241 3515 in

88 3544 163 3601 Erat.
183 3547 243 3601 Cat.
261 3544 310 3602 rel.
328 3563 356 3616 p.
376 3549 435 3600 243.
454 3577 486 3586 -—
504 3545 681 3615 Hermippus,
699 3555 730 3600 ut
746 3546 870 3617 Hyginus
887 3547 915 3600 11
933 3551 949 3600 4
966 3562 993 3614 p.
1012 3548 1054 3612 38,
1072 3545 1130 3600 4Β.
1149 3543 1240 3608 refert,

90 3629 290 3700 septentriones¹
301 3646 352 3700 pro
369 3636 462 3686 aratro
485 3645 503 3684 a
525 3630 630 3685 duobus
648 3631 737 3686 bubus
760 3635 848 3686 tracto
870 3629 1025 3686 venditarit.
1060 3628 1138 3682 Alius
1160 3633 1241 3696 poeta

90 3715 289 3771 Alexandrinus
311 3731 373 3769 cum
391 3715 517 3770 Plaustro
542 3714 682 3770 coniunxit
699 3716 843 3784 Aurigam,
865 3730 944 3784 quem
960 3712 1157 3767 Phaethontem
1181 3727 1241 3767 esse

89 3800 179 3868 uoluit,
190 3800 226 3855 cf.
237 3799 351 3854 Knaack
361 3799 470 3867 Quaest.
480 3798 594 3855 Phaeth.
604 3815 632 3868 p.
643 3803 685 3855 61.
704 3799 799 3855 Bubus
808 3814 878 3868 quae
887 3796 1033 3854 Custodem
1041 3795 1147 3864 fugiant
1155 3794 1240 3852 Ursas

89 3884 186 3940 similes
205 3884 272 3940 dicit
289 3883 373 3938 schol.
387 3882 422 3937 ad
434 3883 485 3938 Od.
499 3903 514 3940 ε
526 3887 585 3952 272,
603 3882 617 3936 l
635 3900 661 3952 p.
676 3887 735 3950 270,
752 3889 778 3938 lt
792 3883 875 3940 Dind.
905 3885 943 3936 st
955 3896 1019 3936 num
1036 3884 1110 3935 recte
1128 3885 1177 3934 aut
1192 3897 1239 3936 ne-

88 3970 202 4025 cessario
220 3968 314 4023 Maass
333 3969 412 4022 Anal.
425 3967 504 4023 Erat.
522 3983 549 4036 p.
563 3971 595 4022 86
614 3983 648 4022 ex
659 3968 799 4022 Parthenii
815 3983 888 4023 narr.
906 3966 960 4021 XX
977 3965 1142 4021 concluserit
1157 3965 1240 4022 Chios

89 4051 115 4106 in
138 4055 227 4110 sidere
251 4053 364 4108 Helicen
387 4051 533 4119 Meropas,
562 4066 642 4120 quam
664 4051 748 4108 Orion
770 4051 863 4106 ebrius
886 4049 1102 4120 compressisset,
1126 4054 1239 4105 matrem

88 4139 234 4206 agnovisse,
252 4135 355 4192 dubito.
