<?xml version="1.0" encoding="UTF-8"?>
<!DOCTYPE html PUBLIC "-//W3C//DTD XHTML 1.0 Transitional//EN"
    "http://www.w3.org/TR/xhtml1/DTD/xhtml1-transitional.dtd">
<html xmlns="http://www.w3.org/1999/xhtml" xml:lang="en" lang="en">
 <head>
  <title>
</title>
<meta http-equiv="Content-Type" content="text/html;charset=utf-8" />
  <meta name='ocr-system' content='tesseract 3.04.00' />
  <meta name='ocr-capabilities' content='ocr_page ocr_carea ocr_par ocr_line ocrx_word'/>
</head>
<body>
  <div class='ocr_page' id='page_1' title='image "./decallistusfabu00frangoog_0027.png"; bbox 0 0 2958 4734; ppageno 0'>
   <div class='ocr_carea' id='block_1_1' title="bbox 264 321 974 381">
    <p class='ocr_par' dir='ltr' id='par_1_1' title="bbox 264 321 974 381">
     <span class='ocr_line' id='line_1_1' title="bbox 264 321 974 381; baseline -0.01 0"><span class='ocrx_word' id='word_1_1' title='bbox 264 323 326 381; x_wconf 85' lang='lat'>252</span> <span class='ocrx_word' id='word_1_2' title='bbox 700 321 867 377; x_wconf 87' lang='lat' dir='ltr'>Rainholdns</span> <span class='ocrx_word' id='word_1_3' title='bbox 885 322 974 376; x_wconf 82' lang='lat' dir='ltr'>Franz</span> 
     </span>
    </p>
   </div>
   <div class='ocr_carea' id='block_1_2' title="bbox 254 488 1421 3529">
    <p class='ocr_par' dir='ltr' id='par_1_2' title="bbox 259 488 1421 1900">
     <span class='ocr_line' id='line_1_2' title="bbox 264 488 1421 581; baseline -0.003 -20"><span class='ocrx_word' id='word_1_4' title='bbox 264 495 369 578; x_wconf 88' lang='lat' dir='ltr'>clusit,</span> <span class='ocrx_word' id='word_1_5' title='bbox 394 512 488 575; x_wconf 91' lang='lat' dir='ltr'>quem</span> <span class='ocrx_word' id='word_1_6' title='bbox 510 494 542 558; x_wconf 92' lang='lat' dir='ltr'>in</span> <span class='ocrx_word' id='word_1_7' title='bbox 557 493 817 579; x_wconf 83' lang='lat' dir='ltr'>interpretatione</span> <span class='ocrx_word' id='word_1_8' title='bbox 833 492 1004 577; x_wconf 90' lang='lat' dir='ltr'>omisimus,</span> <span class='ocrx_word' id='word_1_9' title='bbox 1029 514 1139 561; x_wconf 87' lang='lat' dir='ltr'>versus</span> <span class='ocrx_word' id='word_1_10' title='bbox 1162 488 1290 576; x_wconf 72' lang='grc' dir='ltr'><em>ὄμματι</em></span> <span class='ocrx_word' id='word_1_11' title='bbox 1306 490 1421 581; x_wconf 77' lang='grc' dir='ltr'><strong><em>λάβρῳ</em></strong></span> 
     </span>
     <span class='ocr_line' id='line_1_3' title="bbox 265 595 1420 682; baseline 0.001 -21"><span class='ocrx_word' id='word_1_12' title='bbox 265 599 372 682; x_wconf 81' lang='grc' dir='ltr'><em>σχῆμα</em></span> <span class='ocrx_word' id='word_1_13' title='bbox 395 595 535 682; x_wconf 80' lang='grc' dir='ltr'><strong><em>λεαίνης.</em></strong></span> <span class='ocrx_word' id='word_1_14' title='bbox 575 597 624 662; x_wconf 91' lang='lat' dir='ltr'>De</span> <span class='ocrx_word' id='word_1_15' title='bbox 639 597 701 663; x_wconf 90' lang='lat' dir='ltr'>hoo</span> <span class='ocrx_word' id='word_1_16' title='bbox 722 601 829 661; x_wconf 87' lang='lat' dir='ltr'>autem</span> <span class='ocrx_word' id='word_1_17' title='bbox 853 601 887 661; x_wconf 89' lang='lat' dir='ltr'>ut</span> <span class='ocrx_word' id='word_1_18' title='bbox 908 597 1042 679; x_wconf 92' lang='lat' dir='ltr'>quisque</span> <span class='ocrx_word' id='word_1_19' title='bbox 1063 597 1193 681; x_wconf 88' lang='lat' dir='ltr'>iudicat,</span> <span class='ocrx_word' id='word_1_20' title='bbox 1216 599 1261 663; x_wconf 90' lang='lat' dir='ltr'>ita</span> <span class='ocrx_word' id='word_1_21' title='bbox 1283 598 1420 664; x_wconf 86' lang='lat' dir='ltr'>formam</span> 
     </span>
     <span class='ocr_line' id='line_1_4' title="bbox 263 697 1420 786; baseline -0.002 -21"><span class='ocrx_word' id='word_1_22' title='bbox 263 699 392 766; x_wconf 83' lang='lat' dir='ltr'>fabulae</span> <span class='ocrx_word' id='word_1_23' title='bbox 405 698 467 764; x_wconf 91' lang='lat' dir='ltr'>sibi</span> <span class='ocrx_word' id='word_1_24' title='bbox 479 697 649 763; x_wconf 86' lang='lat' dir='ltr'>constituit.</span> <span class='ocrx_word' id='word_1_25' title='bbox 687 699 744 762; x_wconf 74' lang='lat' dir='ltr'>list</span> <span class='ocrx_word' id='word_1_26' title='bbox 756 699 840 764; x_wconf 91' lang='lat' dir='ltr'>enim</span> <span class='ocrx_word' id='word_1_27' title='bbox 851 718 976 764; x_wconf 90' lang='lat' dir='ltr'>summa</span> <span class='ocrx_word' id='word_1_28' title='bbox 987 700 1141 782; x_wconf 84' lang='lat' dir='ltr'>quaestio,</span> <span class='ocrx_word' id='word_1_29' title='bbox 1158 699 1291 786; x_wconf 76' lang='grc' dir='ltr'><strong><em>λεαίνης</em></strong></span> <span class='ocrx_word' id='word_1_30' title='bbox 1302 720 1420 766; x_wconf 89' lang='lat' dir='ltr'>nomen</span> 
     </span>
     <span class='ocr_line' id='line_1_5' title="bbox 262 798 1418 883; baseline -0.001 -18"><span class='ocrx_word' id='word_1_31' title='bbox 262 799 344 866; x_wconf 91' lang='lat' dir='ltr'>sitne</span> <span class='ocrx_word' id='word_1_32' title='bbox 356 799 555 866; x_wconf 86' lang='lat' dir='ltr'>retinendum</span> <span class='ocrx_word' id='word_1_33' title='bbox 568 820 608 865; x_wconf 90' lang='lat' dir='ltr'>an</span> <span class='ocrx_word' id='word_1_34' title='bbox 624 798 849 866; x_wconf 90' lang='lat' dir='ltr'>damnandum.</span> <span class='ocrx_word' id='word_1_35' title='bbox 886 801 973 865; x_wconf 86' lang='lat' dir='ltr'>Inter</span> <span class='ocrx_word' id='word_1_36' title='bbox 987 799 1108 867; x_wconf 87' lang='lat' dir='ltr'>iudices</span> <span class='ocrx_word' id='word_1_37' title='bbox 1120 821 1237 883; x_wconf 84' lang='lat' dir='ltr'>magna</span> <span class='ocrx_word' id='word_1_38' title='bbox 1249 801 1418 868; x_wconf 78' lang='lat' dir='ltr'>dissensio:</span> 
     </span>
     <span class='ocr_line' id='line_1_6' title="bbox 262 901 1418 984; baseline 0 -16"><span class='ocrx_word' id='word_1_39' title='bbox 262 903 395 968; x_wconf 79' lang='lat' dir='ltr'>Veteres</span> <span class='ocrx_word' id='word_1_40' title='bbox 415 902 603 984; x_wconf 87' lang='lat' dir='ltr'>interpretes</span> <span class='ocrx_word' id='word_1_41' title='bbox 626 920 698 965; x_wconf 91' lang='lat' dir='ltr'>oum</span> <span class='ocrx_word' id='word_1_42' title='bbox 726 908 781 967; x_wconf 91' lang='lat' dir='ltr'>aut</span> <span class='ocrx_word' id='word_1_43' title='bbox 808 901 887 967; x_wconf 89' lang='lat' dir='ltr'>nihil</span> <span class='ocrx_word' id='word_1_44' title='bbox 910 908 1069 968; x_wconf 83' lang='lat' dir='ltr'>mutarent</span> <span class='ocrx_word' id='word_1_45' title='bbox 1100 911 1155 967; x_wconf 91' lang='lat' dir='ltr'>aut</span> <span class='ocrx_word' id='word_1_46' title='bbox 1183 903 1217 968; x_wconf 91' lang='lat' dir='ltr'>in</span> <span class='ocrx_word' id='word_1_47' title='bbox 1246 902 1418 968; x_wconf 87' lang='lat' dir='ltr'>lenissimis</span> 
     </span>
     <span class='ocr_line' id='line_1_7' title="bbox 262 1001 1418 1089; baseline 0.003 -22"><span class='ocrx_word' id='word_1_48' title='bbox 262 1001 490 1069; x_wconf 85' lang='lat' dir='ltr'>mutationibus</span> <span class='ocrx_word' id='word_1_49' title='bbox 511 1021 547 1068; x_wconf 88' lang='lat' dir='ltr'>se</span> <span class='ocrx_word' id='word_1_50' title='bbox 570 1003 776 1087; x_wconf 85' lang='lat' dir='ltr'>continerent,</span> <span class='ocrx_word' id='word_1_51' title='bbox 799 1002 831 1067; x_wconf 91' lang='lat' dir='ltr'>in</span> <span class='ocrx_word' id='word_1_52' title='bbox 847 1005 1039 1089; x_wconf 86' lang='lat' dir='ltr'>explicanda</span> <span class='ocrx_word' id='word_1_53' title='bbox 1055 1004 1135 1069; x_wconf 93' lang='lat' dir='ltr'>mira</span> <span class='ocrx_word' id='word_1_54' title='bbox 1149 1005 1308 1072; x_wconf 83' lang='lat' dir='ltr'>locutione</span> <span class='ocrx_word' id='word_1_55' title='bbox 1325 1005 1418 1071; x_wconf 89' lang='lat' dir='ltr'>desu-</span> 
     </span>
     <span class='ocr_line' id='line_1_8' title="bbox 262 1103 1417 1188; baseline 0.002 -20"><span class='ocrx_word' id='word_1_56' title='bbox 262 1103 384 1169; x_wconf 90' lang='lat' dir='ltr'>dabant</span> <span class='ocrx_word' id='word_1_57' title='bbox 405 1103 492 1170; x_wconf 92' lang='lat' dir='ltr'>nullo</span> <span class='ocrx_word' id='word_1_58' title='bbox 515 1104 618 1169; x_wconf 86' lang='lat' dir='ltr'>fructu</span> <span class='ocrx_word' id='word_1_59' title='bbox 632 1104 664 1186; x_wconf 86' lang='lat'>¹),</span> <span class='ocrx_word' id='word_1_60' title='bbox 688 1123 792 1186; x_wconf 85' lang='lat' dir='ltr'>neque</span> <span class='ocrx_word' id='word_1_61' title='bbox 815 1104 876 1170; x_wconf 91' lang='lat' dir='ltr'>hae</span> <span class='ocrx_word' id='word_1_62' title='bbox 897 1112 1003 1172; x_wconf 87' lang='lat' dir='ltr'>aetate</span> <span class='ocrx_word' id='word_1_63' title='bbox 1027 1104 1209 1188; x_wconf 85' lang='lat' dir='ltr'>defuerunt,</span> <span class='ocrx_word' id='word_1_64' title='bbox 1233 1105 1288 1187; x_wconf 92' lang='lat' dir='ltr'>qui</span> <span class='ocrx_word' id='word_1_65' title='bbox 1311 1107 1417 1172; x_wconf 90' lang='lat' dir='ltr'>omnia</span> 
     </span>
     <span class='ocr_line' id='line_1_9' title="bbox 262 1203 1416 1276; baseline 0.003 -6"><span class='ocrx_word' id='word_1_66' title='bbox 262 1203 470 1272; x_wconf 86' lang='lat' dir='ltr'>defenderent</span> <span class='ocrx_word' id='word_1_67' title='bbox 503 1209 559 1270; x_wconf 91' lang='lat' dir='ltr'>aut</span> <span class='ocrx_word' id='word_1_68' title='bbox 586 1211 671 1271; x_wconf 89' lang='lat' dir='ltr'>certe</span> <span class='ocrx_word' id='word_1_69' title='bbox 701 1227 764 1272; x_wconf 91' lang='lat' dir='ltr'>non</span> <span class='ocrx_word' id='word_1_70' title='bbox 794 1207 993 1273; x_wconf 83' lang='lat' dir='ltr'>offenderent</span> <span class='ocrx_word' id='word_1_71' title='bbox 1020 1207 1053 1272; x_wconf 92' lang='lat' dir='ltr'>in</span> <span class='ocrx_word' id='word_1_72' title='bbox 1085 1207 1245 1274; x_wconf 82' lang='lat' dir='ltr'>mentione</span> <span class='ocrx_word' id='word_1_73' title='bbox 1274 1208 1416 1276; x_wconf 85' lang='lat' dir='ltr'>leaenae.</span> 
     </span>
     <span class='ocr_line' id='line_1_10' title="bbox 260 1306 1416 1394; baseline 0.001 -20"><span class='ocrx_word' id='word_1_74' title='bbox 260 1307 335 1391; x_wconf 88' lang='lat' dir='ltr'>Alii,</span> <span class='ocrx_word' id='word_1_75' title='bbox 365 1326 500 1389; x_wconf 90' lang='lat' dir='ltr'>quornm</span> <span class='ocrx_word' id='word_1_76' title='bbox 529 1306 664 1389; x_wconf 86' lang='lat' dir='ltr'>agminis</span> <span class='ocrx_word' id='word_1_77' title='bbox 692 1307 757 1372; x_wconf 84' lang='lat' dir='ltr'>dux</span> <span class='ocrx_word' id='word_1_78' title='bbox 785 1309 918 1374; x_wconf 91' lang='lat' dir='ltr'>illustris</span> <span class='ocrx_word' id='word_1_79' title='bbox 941 1308 1141 1374; x_wconf 86' lang='lat' dir='ltr'>Godolredus</span> <span class='ocrx_word' id='word_1_80' title='bbox 1166 1309 1329 1376; x_wconf 84' lang='lat' dir='ltr'>Hermann</span> <span class='ocrx_word' id='word_1_81' title='bbox 1360 1317 1416 1394; x_wconf 90' lang='lat' dir='ltr'>est,</span> 
     </span>
     <span class='ocr_line' id='line_1_11' title="bbox 261 1408 1415 1495; baseline 0.003 -23"><span class='ocrx_word' id='word_1_82' title='bbox 261 1409 393 1494; x_wconf 80' lang='grc' dir='ltr'><em>λεαίνης</em></span> <span class='ocrx_word' id='word_1_83' title='bbox 407 1429 524 1473; x_wconf 91' lang='lat' dir='ltr'>nomen</span> <span class='ocrx_word' id='word_1_84' title='bbox 541 1408 744 1475; x_wconf 86' lang='lat' dir='ltr'>intolerabile</span> <span class='ocrx_word' id='word_1_85' title='bbox 759 1410 819 1475; x_wconf 91' lang='lat' dir='ltr'>rati</span> <span class='ocrx_word' id='word_1_86' title='bbox 836 1410 1024 1478; x_wconf 85' lang='lat' dir='ltr'>coniecturis</span> <span class='ocrx_word' id='word_1_87' title='bbox 1039 1431 1203 1477; x_wconf 86' lang='lat' dir='ltr'>removere</span> <span class='ocrx_word' id='word_1_88' title='bbox 1219 1412 1415 1495; x_wconf 88' lang='lat' dir='ltr'>studuerunt,</span> 
     </span>
     <span class='ocr_line' id='line_1_12' title="bbox 261 1508 1415 1598; baseline 0 -22"><span class='ocrx_word' id='word_1_89' title='bbox 261 1532 332 1576; x_wconf 93' lang='lat' dir='ltr'>cum</span> <span class='ocrx_word' id='word_1_90' title='bbox 354 1510 510 1577; x_wconf 90' lang='lat' dir='ltr'>Henrious</span> <span class='ocrx_word' id='word_1_91' title='bbox 533 1508 678 1574; x_wconf 84' lang='lat' dir='ltr'>Schmidt</span> <span class='ocrx_word' id='word_1_92' title='bbox 700 1509 733 1575; x_wconf 91' lang='lat' dir='ltr'>in</span> <span class='ocrx_word' id='word_1_93' title='bbox 755 1512 880 1578; x_wconf 90' lang='lat' dir='ltr'>Monod.</span> <span class='ocrx_word' id='word_1_94' title='bbox 905 1517 936 1578; x_wconf 89' lang='lat' dir='ltr'>et</span> <span class='ocrx_word' id='word_1_95' title='bbox 958 1512 1082 1579; x_wconf 86' lang='lat' dir='ltr'>amoeb.</span> <span class='ocrx_word' id='word_1_96' title='bbox 1110 1520 1190 1596; x_wconf 83' lang='lat' dir='ltr'>trag.</span> <span class='ocrx_word' id='word_1_97' title='bbox 1212 1514 1278 1579; x_wconf 90' lang='lat' dir='ltr'>Att.</span> <span class='ocrx_word' id='word_1_98' title='bbox 1302 1513 1415 1598; x_wconf 84' lang='lat'>(1871)</span> 
     </span>
     <span class='ocr_line' id='line_1_13' title="bbox 259 1611 1415 1698; baseline 0.004 -21"><span class='ocrx_word' id='word_1_99' title='bbox 259 1634 291 1696; x_wconf 89' lang='lat' dir='ltr'>p.</span> <span class='ocrx_word' id='word_1_100' title='bbox 315 1611 403 1677; x_wconf 89' lang='lat' dir='ltr'>CXX</span> <span class='ocrx_word' id='word_1_101' title='bbox 431 1615 532 1677; x_wconf 91' lang='lat' dir='ltr'>totum</span> <span class='ocrx_word' id='word_1_102' title='bbox 557 1630 685 1677; x_wconf 88' lang='lat' dir='ltr'>versum</span> <span class='ocrx_word' id='word_1_103' title='bbox 715 1613 826 1680; x_wconf 90' lang='lat' dir='ltr'>mallet</span> <span class='ocrx_word' id='word_1_104' title='bbox 855 1612 964 1680; x_wconf 88' lang='lat' dir='ltr'>cicere.</span> <span class='ocrx_word' id='word_1_105' title='bbox 1011 1615 1180 1681; x_wconf 88' lang='lat' dir='ltr'>Kirchhoff</span> <span class='ocrx_word' id='word_1_106' title='bbox 1206 1615 1346 1698; x_wconf 90' lang='lat' dir='ltr'>denique</span> <span class='ocrx_word' id='word_1_107' title='bbox 1376 1617 1415 1682; x_wconf 89' lang='lat' dir='ltr'>dc</span> 
     </span>
     <span class='ocr_line' id='line_1_14' title="bbox 260 1707 1414 1803; baseline 0.005 -26"><span class='ocrx_word' id='word_1_108' title='bbox 260 1711 456 1779; x_wconf 90' lang='lat' dir='ltr'>restituendo</span> <span class='ocrx_word' id='word_1_109' title='bbox 480 1711 653 1798; x_wconf 90' lang='lat' dir='ltr'>desperans</span> <span class='ocrx_word' id='word_1_110' title='bbox 678 1707 798 1780; x_wconf 89' lang='lat' dir='ltr'>‘lacera</span> <span class='ocrx_word' id='word_1_111' title='bbox 825 1734 974 1782; x_wconf 85' lang='lat' dir='ltr'>versuum</span> <span class='ocrx_word' id='word_1_112' title='bbox 1002 1709 1153 1802; x_wconf 84' lang='lat' dir='ltr'>vestigia&#39;</span> <span class='ocrx_word' id='word_1_113' title='bbox 1181 1718 1345 1803; x_wconf 86' lang='lat' dir='ltr'>increpat,</span> <span class='ocrx_word' id='word_1_114' title='bbox 1372 1716 1414 1784; x_wconf 88' lang='lat' dir='ltr'>‘in</span> 
     </span>
     <span class='ocr_line' id='line_1_15' title="bbox 261 1811 1195 1900; baseline 0.002 -20"><span class='ocrx_word' id='word_1_115' title='bbox 261 1816 376 1898; x_wconf 91' lang='lat' dir='ltr'>quibus</span> <span class='ocrx_word' id='word_1_116' title='bbox 399 1819 509 1900; x_wconf 89' lang='lat' dir='ltr'>pateat</span> <span class='ocrx_word' id='word_1_117' title='bbox 529 1815 703 1881; x_wconf 85' lang='lat' dir='ltr'>Atalantae</span> <span class='ocrx_word' id='word_1_118' title='bbox 725 1817 918 1883; x_wconf 85' lang='lat' dir='ltr'>mentionem</span> <span class='ocrx_word' id='word_1_119' title='bbox 940 1811 1195 1885; x_wconf 71' lang='lat' dir='ltr'>t&#39;uissefaotam.³</span> 
     </span>
    </p>

    <p class='ocr_par' dir='ltr' id='par_1_3' title="bbox 258 1914 1413 2715">
     <span class='ocr_line' id='line_1_16' title="bbox 344 1914 1413 2006; baseline 0.005 -24"><span class='ocrx_word' id='word_1_120' title='bbox 344 1919 388 1982; x_wconf 89' lang='lat' dir='ltr'>At</span> <span class='ocrx_word' id='word_1_121' title='bbox 409 1914 515 1983; x_wconf 87' lang='lat' dir='ltr'>media</span> <span class='ocrx_word' id='word_1_122' title='bbox 537 1916 696 2000; x_wconf 86' lang='lat' dir='ltr'>quaedam</span> <span class='ocrx_word' id='word_1_123' title='bbox 718 1917 773 1984; x_wconf 87' lang='lat' dir='ltr'>via</span> <span class='ocrx_word' id='word_1_124' title='bbox 794 1919 876 1984; x_wconf 88' lang='lat' dir='ltr'>sicut</span> <span class='ocrx_word' id='word_1_125' title='bbox 889 1918 1077 2004; x_wconf 83' lang='lat' dir='ltr'>saepissime</span> <span class='ocrx_word' id='word_1_126' title='bbox 1098 1920 1144 1986; x_wconf 89' lang='lat' dir='ltr'>ita</span> <span class='ocrx_word' id='word_1_127' title='bbox 1167 1921 1218 1986; x_wconf 91' lang='lat' dir='ltr'>hio</span> <span class='ocrx_word' id='word_1_128' title='bbox 1241 1925 1289 1987; x_wconf 89' lang='lat' dir='ltr'>est</span> <span class='ocrx_word' id='word_1_129' title='bbox 1310 1922 1413 2006; x_wconf 85' lang='lat' dir='ltr'>ingre·</span> 
     </span>
     <span class='ocr_line' id='line_1_17' title="bbox 259 2018 1413 2105; baseline 0.002 -19"><span class='ocrx_word' id='word_1_130' title='bbox 259 2019 388 2086; x_wconf 90' lang='lat' dir='ltr'>dienda.</span> <span class='ocrx_word' id='word_1_131' title='bbox 420 2018 509 2084; x_wconf 81' lang='lat' dir='ltr'>Ferri</span> <span class='ocrx_word' id='word_1_132' title='bbox 524 2019 613 2084; x_wconf 93' lang='lat' dir='ltr'>illum</span> <span class='ocrx_word' id='word_1_133' title='bbox 630 2039 757 2086; x_wconf 87' lang='lat' dir='ltr'>versum</span> <span class='ocrx_word' id='word_1_134' title='bbox 774 2020 870 2086; x_wconf 90' lang='lat' dir='ltr'>talem</span> <span class='ocrx_word' id='word_1_135' title='bbox 885 2042 948 2086; x_wconf 92' lang='lat' dir='ltr'>non</span> <span class='ocrx_word' id='word_1_136' title='bbox 964 2041 1068 2105; x_wconf 87' lang='lat' dir='ltr'>posse,</span> <span class='ocrx_word' id='word_1_137' title='bbox 1088 2022 1195 2104; x_wconf 86' lang='lat' dir='ltr'>qualis</span> <span class='ocrx_word' id='word_1_138' title='bbox 1217 2021 1259 2087; x_wconf 88' lang='lat' dir='ltr'>sit</span> <span class='ocrx_word' id='word_1_139' title='bbox 1279 2023 1313 2088; x_wconf 92' lang='lat' dir='ltr'>in</span> <span class='ocrx_word' id='word_1_140' title='bbox 1329 2024 1413 2089; x_wconf 92' lang='lat' dir='ltr'>codi-</span> 
     </span>
     <span class='ocr_line' id='line_1_18' title="bbox 259 2118 1413 2208; baseline 0.003 -23"><span class='ocrx_word' id='word_1_141' title='bbox 259 2118 359 2204; x_wconf 87' lang='lat' dir='ltr'>cibus,</span> <span class='ocrx_word' id='word_1_142' title='bbox 382 2141 445 2185; x_wconf 93' lang='lat' dir='ltr'>non</span> <span class='ocrx_word' id='word_1_143' title='bbox 468 2118 532 2184; x_wconf 90' lang='lat' dir='ltr'>iam</span> <span class='ocrx_word' id='word_1_144' title='bbox 556 2139 635 2203; x_wconf 87' lang='lat' dir='ltr'>opus</span> <span class='ocrx_word' id='word_1_145' title='bbox 658 2121 785 2186; x_wconf 86' lang='lat' dir='ltr'>videtur</span> <span class='ocrx_word' id='word_1_146' title='bbox 807 2122 951 2205; x_wconf 89' lang='lat' dir='ltr'>pluribus</span> <span class='ocrx_word' id='word_1_147' title='bbox 974 2143 1143 2206; x_wconf 85' lang='lat' dir='ltr'>exponere,</span> <span class='ocrx_word' id='word_1_148' title='bbox 1168 2123 1329 2208; x_wconf 90' lang='lat' dir='ltr'>quoniam,</span> <span class='ocrx_word' id='word_1_149' title='bbox 1352 2144 1413 2206; x_wconf 90' lang='lat' dir='ltr'>qna</span> 
     </span>
     <span class='ocr_line' id='line_1_19' title="bbox 259 2220 1412 2307; baseline 0.003 -19"><span class='ocrx_word' id='word_1_150' title='bbox 259 2220 381 2288; x_wconf 88' lang='lat' dir='ltr'>ratione</span> <span class='ocrx_word' id='word_1_151' title='bbox 397 2229 481 2288; x_wconf 87' lang='lat' dir='ltr'>esset</span> <span class='ocrx_word' id='word_1_152' title='bbox 494 2221 731 2304; x_wconf 85' lang='lat' dir='ltr'>intellegendus</span> <span class='ocrx_word' id='word_1_153' title='bbox 746 2226 802 2288; x_wconf 91' lang='lat' dir='ltr'>ant</span> <span class='ocrx_word' id='word_1_154' title='bbox 817 2242 887 2288; x_wconf 88' lang='lat' dir='ltr'>oum</span> <span class='ocrx_word' id='word_1_155' title='bbox 904 2225 1016 2290; x_wconf 86' lang='lat' dir='ltr'>ceteris</span> <span class='ocrx_word' id='word_1_156' title='bbox 1032 2224 1279 2307; x_wconf 86' lang='lat' dir='ltr'>coniungendns,</span> <span class='ocrx_word' id='word_1_157' title='bbox 1295 2228 1412 2291; x_wconf 90' lang='lat' dir='ltr'>nemini</span> 
     </span>
     <span class='ocr_line' id='line_1_20' title="bbox 259 2323 1412 2407; baseline 0.003 -18"><span class='ocrx_word' id='word_1_158' title='bbox 259 2324 392 2406; x_wconf 85' lang='lat' dir='ltr'>contigit</span> <span class='ocrx_word' id='word_1_159' title='bbox 405 2328 440 2389; x_wconf 93' lang='lat' dir='ltr'>ut</span> <span class='ocrx_word' id='word_1_160' title='bbox 453 2344 526 2390; x_wconf 88' lang='lat' dir='ltr'>oum</span> <span class='ocrx_word' id='word_1_161' title='bbox 543 2323 652 2404; x_wconf 89' lang='lat' dir='ltr'>aliqua</span> <span class='ocrx_word' id='word_1_162' title='bbox 670 2325 897 2407; x_wconf 87' lang='lat' dir='ltr'>probabilitate</span> <span class='ocrx_word' id='word_1_163' title='bbox 912 2326 1102 2392; x_wconf 88' lang='lat' dir='ltr'>ostenderet.</span> <span class='ocrx_word' id='word_1_164' title='bbox 1134 2324 1199 2392; x_wconf 85' lang='lat' dir='ltr'>Sed</span> <span class='ocrx_word' id='word_1_165' title='bbox 1214 2326 1296 2393; x_wconf 90' lang='lat' dir='ltr'>adeo</span> <span class='ocrx_word' id='word_1_166' title='bbox 1313 2334 1412 2394; x_wconf 89' lang='lat' dir='ltr'>totum</span> 
     </span>
     <span class='ocr_line' id='line_1_21' title="bbox 259 2426 1412 2514; baseline 0.003 -23"><span class='ocrx_word' id='word_1_167' title='bbox 259 2427 363 2492; x_wconf 89' lang='lat' dir='ltr'>locum</span> <span class='ocrx_word' id='word_1_168' title='bbox 386 2447 457 2493; x_wconf 91' lang='lat' dir='ltr'>esse</span> <span class='ocrx_word' id='word_1_169' title='bbox 479 2426 657 2491; x_wconf 92' lang='lat' dir='ltr'>mutilatum</span> <span class='ocrx_word' id='word_1_170' title='bbox 685 2446 782 2509; x_wconf 91' lang='lat' dir='ltr'>quam</span> <span class='ocrx_word' id='word_1_171' title='bbox 811 2429 892 2493; x_wconf 82' lang='lat' dir='ltr'>ierat</span> <span class='ocrx_word' id='word_1_172' title='bbox 913 2426 1102 2494; x_wconf 87' lang='lat' dir='ltr'>Kirohholfii</span> <span class='ocrx_word' id='word_1_173' title='bbox 1129 2428 1304 2514; x_wconf 87' lang='lat' dir='ltr'>sententia,</span> <span class='ocrx_word' id='word_1_174' title='bbox 1334 2431 1412 2495; x_wconf 90' lang='lat' dir='ltr'>nihil</span> 
     </span>
     <span class='ocr_line' id='line_1_22' title="bbox 259 2527 1411 2615; baseline 0.003 -22"><span class='ocrx_word' id='word_1_175' title='bbox 259 2536 307 2593; x_wconf 87' lang='lat' dir='ltr'>est</span> <span class='ocrx_word' id='word_1_176' title='bbox 330 2547 385 2594; x_wconf 89' lang='lat' dir='ltr'>our</span> <span class='ocrx_word' id='word_1_177' title='bbox 407 2527 584 2612; x_wconf 86' lang='lat' dir='ltr'>credamus,</span> <span class='ocrx_word' id='word_1_178' title='bbox 606 2547 666 2593; x_wconf 87' lang='lat' dir='ltr'>nec</span> <span class='ocrx_word' id='word_1_179' title='bbox 688 2535 793 2611; x_wconf 89' lang='lat' dir='ltr'>potest</span> <span class='ocrx_word' id='word_1_180' title='bbox 816 2529 986 2593; x_wconf 86' lang='lat' dir='ltr'>Atalantae</span> <span class='ocrx_word' id='word_1_181' title='bbox 1008 2531 1127 2596; x_wconf 91' lang='lat' dir='ltr'>mentio</span> <span class='ocrx_word' id='word_1_182' title='bbox 1146 2529 1315 2615; x_wconf 78' lang='lat' dir='ltr'>excidisse,</span> <span class='ocrx_word' id='word_1_183' title='bbox 1339 2534 1411 2613; x_wconf 90' lang='lat' dir='ltr'>quia</span> 
     </span>
     <span class='ocr_line' id='line_1_23' title="bbox 258 2628 1347 2715; baseline 0.006 -21"><span class='ocrx_word' id='word_1_184' title='bbox 258 2628 351 2694; x_wconf 88' lang='lat' dir='ltr'>huius</span> <span class='ocrx_word' id='word_1_185' title='bbox 374 2648 442 2694; x_wconf 93' lang='lat' dir='ltr'>sors</span> <span class='ocrx_word' id='word_1_186' title='bbox 465 2649 529 2695; x_wconf 92' lang='lat' dir='ltr'>non</span> <span class='ocrx_word' id='word_1_187' title='bbox 552 2649 590 2695; x_wconf 90' lang='lat' dir='ltr'>ea</span> <span class='ocrx_word' id='word_1_188' title='bbox 614 2636 691 2712; x_wconf 86' lang='lat' dir='ltr'>erat,</span> <span class='ocrx_word' id='word_1_189' title='bbox 714 2636 749 2694; x_wconf 89' lang='lat' dir='ltr'>ut</span> <span class='ocrx_word' id='word_1_190' title='bbox 771 2651 843 2695; x_wconf 91' lang='lat' dir='ltr'>curn</span> <span class='ocrx_word' id='word_1_191' title='bbox 865 2631 973 2695; x_wconf 87' lang='lat' dir='ltr'>Ledae</span> <span class='ocrx_word' id='word_1_192' title='bbox 995 2638 1080 2697; x_wconf 92' lang='lat' dir='ltr'>sorte</span> <span class='ocrx_word' id='word_1_193' title='bbox 1103 2639 1347 2715; x_wconf 85' lang='lat' dir='ltr'>compararetur.</span> 
     </span>
    </p>

    <p class='ocr_par' dir='ltr' id='par_1_4' title="bbox 254 2728 1411 3529">
     <span class='ocr_line' id='line_1_24' title="bbox 343 2728 1411 2820; baseline 0.007 -25"><span class='ocrx_word' id='word_1_194' title='bbox 343 2729 516 2811; x_wconf 91' lang='lat' dir='ltr'>Comparat</span> <span class='ocrx_word' id='word_1_195' title='bbox 551 2730 676 2796; x_wconf 88' lang='lat' dir='ltr'>Helena</span> <span class='ocrx_word' id='word_1_196' title='bbox 704 2728 836 2795; x_wconf 81' lang='lat' dir='ltr'>Callisto</span> <span class='ocrx_word' id='word_1_197' title='bbox 873 2751 944 2796; x_wconf 91' lang='lat' dir='ltr'>oum</span> <span class='ocrx_word' id='word_1_198' title='bbox 973 2731 1107 2816; x_wconf 66' lang='lat' dir='ltr'>Ledal).</span> <span class='ocrx_word' id='word_1_199' title='bbox 1158 2734 1411 2820; x_wconf 80' lang='lat' dir='ltr'>Comparationis</span> 
     </span>
     <span class='ocr_line' id='line_1_25' title="bbox 257 2830 1410 2920; baseline 0.005 -23"><span class='ocrx_word' id='word_1_200' title='bbox 257 2831 498 2898; x_wconf 84' lang='lat' dir='ltr'>fundamentum</span> <span class='ocrx_word' id='word_1_201' title='bbox 521 2837 583 2914; x_wconf 90' lang='lat' dir='ltr'>est,</span> <span class='ocrx_word' id='word_1_202' title='bbox 608 2830 693 2912; x_wconf 93' lang='lat' dir='ltr'>quod</span> <span class='ocrx_word' id='word_1_203' title='bbox 717 2835 883 2913; x_wconf 89' lang='lat' dir='ltr'>utramque</span> <span class='ocrx_word' id='word_1_204' title='bbox 906 2834 1048 2918; x_wconf 90' lang='lat' dir='ltr'>luppiter</span> <span class='ocrx_word' id='word_1_205' title='bbox 1072 2834 1166 2920; x_wconf 73' lang='lat' dir='ltr'>adiit,</span> <span class='ocrx_word' id='word_1_206' title='bbox 1194 2856 1298 2919; x_wconf 87' lang='lat' dir='ltr'>neque</span> <span class='ocrx_word' id='word_1_207' title='bbox 1327 2839 1410 2905; x_wconf 89' lang='lat' dir='ltr'>enim</span> 
     </span>
     <span class='ocr_line' id='line_1_26' title="bbox 256 2931 1409 3023; baseline 0.009 -25"><span class='ocrx_word' id='word_1_208' title='bbox 256 2932 346 2998; x_wconf 91' lang='lat' dir='ltr'>aliud</span> <span class='ocrx_word' id='word_1_209' title='bbox 361 2931 408 2997; x_wconf 92' lang='lat' dir='ltr'>eis</span> <span class='ocrx_word' id='word_1_210' title='bbox 423 2952 597 2998; x_wconf 88' lang='lat' dir='ltr'>commune.</span> <span class='ocrx_word' id='word_1_211' title='bbox 632 2932 886 3016; x_wconf 80' lang='lat' dir='ltr'>Comparationis</span> <span class='ocrx_word' id='word_1_212' title='bbox 902 2936 1008 3020; x_wconf 87' lang='lat' dir='ltr'>cardo,</span> <span class='ocrx_word' id='word_1_213' title='bbox 1025 2937 1120 3017; x_wconf 93' lang='lat' dir='ltr'>quid</span> <span class='ocrx_word' id='word_1_214' title='bbox 1136 2939 1295 3023; x_wconf 89' lang='lat' dir='ltr'>utrique</span> <span class='ocrx_word' id='word_1_215' title='bbox 1316 2941 1409 3007; x_wconf 89' lang='lat' dir='ltr'>inde</span> 
     </span>
     <span class='ocr_line' id='line_1_27' title="bbox 257 3033 1410 3126; baseline 0.007 -26"><span class='ocrx_word' id='word_1_216' title='bbox 257 3035 417 3101; x_wconf 86' lang='lat' dir='ltr'>venerit</span> <span class='ocrx_word' id='word_1_217' title='bbox 445 3035 550 3102; x_wconf 91' lang='lat' dir='ltr'>mali.</span> <span class='ocrx_word' id='word_1_218' title='bbox 594 3033 633 3098; x_wconf 89' lang='lat' dir='ltr'>Id</span> <span class='ocrx_word' id='word_1_219' title='bbox 656 3035 741 3101; x_wconf 91' lang='lat' dir='ltr'>enim</span> <span class='ocrx_word' id='word_1_220' title='bbox 763 3036 859 3101; x_wconf 89' lang='lat' dir='ltr'>totins</span> <span class='ocrx_word' id='word_1_221' title='bbox 882 3044 930 3102; x_wconf 88' lang='lat' dir='ltr'>est</span> <span class='ocrx_word' id='word_1_222' title='bbox 952 3039 1101 3104; x_wconf 89' lang='lat' dir='ltr'>carminis</span> <span class='ocrx_word' id='word_1_223' title='bbox 1122 3049 1353 3126; x_wconf 84' lang='lat' dir='ltr'>argumentum,</span> <span class='ocrx_word' id='word_1_224' title='bbox 1378 3049 1410 3108; x_wconf 90' lang='lat' dir='ltr'>ut</span> 
     </span>
     <span class='ocr_line' id='line_1_28' title="bbox 257 3135 1410 3225; baseline 0.01 -25"><span class='ocrx_word' id='word_1_225' title='bbox 257 3135 392 3219; x_wconf 88' lang='lat' dir='ltr'>Helena,</span> <span class='ocrx_word' id='word_1_226' title='bbox 415 3155 494 3218; x_wconf 90' lang='lat' dir='ltr'>quos</span> <span class='ocrx_word' id='word_1_227' title='bbox 510 3157 569 3203; x_wconf 90' lang='lat' dir='ltr'>sua</span> <span class='ocrx_word' id='word_1_228' title='bbox 591 3139 693 3203; x_wconf 89' lang='lat' dir='ltr'>forma</span> <span class='ocrx_word' id='word_1_229' title='bbox 707 3137 893 3221; x_wconf 89' lang='lat' dir='ltr'>perdiderit,</span> <span class='ocrx_word' id='word_1_230' title='bbox 916 3139 1115 3220; x_wconf 88' lang='lat' dir='ltr'>queribunda</span> <span class='ocrx_word' id='word_1_231' title='bbox 1130 3149 1327 3225; x_wconf 89' lang='lat' dir='ltr'>percenseat,</span> <span class='ocrx_word' id='word_1_232' title='bbox 1350 3145 1410 3211; x_wconf 89' lang='lat' dir='ltr'>hoc</span> 
     </span>
     <span class='ocr_line' id='line_1_29' title="bbox 256 3236 1408 3328; baseline 0.004 -25"><span class='ocrx_word' id='word_1_233' title='bbox 256 3236 376 3320; x_wconf 89' lang='lat' dir='ltr'>ordine,</span> <span class='ocrx_word' id='word_1_234' title='bbox 401 3244 436 3302; x_wconf 90' lang='lat' dir='ltr'>ut</span> <span class='ocrx_word' id='word_1_235' title='bbox 450 3238 574 3305; x_wconf 89' lang='lat' dir='ltr'>cladem</span> <span class='ocrx_word' id='word_1_236' title='bbox 590 3239 766 3305; x_wconf 90' lang='lat' dir='ltr'>lamentata</span> <span class='ocrx_word' id='word_1_237' title='bbox 779 3239 916 3323; x_wconf 90' lang='lat' dir='ltr'>primum</span> <span class='ocrx_word' id='word_1_238' title='bbox 932 3241 1141 3308; x_wconf 82' lang='lat' dir='ltr'>Troianorum</span> <span class='ocrx_word' id='word_1_239' title='bbox 1159 3247 1201 3322; x_wconf 88' lang='lat' dir='ltr'>(v.</span> <span class='ocrx_word' id='word_1_240' title='bbox 1218 3248 1408 3328; x_wconf 79' lang='lat' dir='ltr'>362—3ua)‚</span> 
     </span>
     <span class='ocr_line' id='line_1_30' title="bbox 256 3337 1408 3427; baseline 0.005 -23"><span class='ocrx_word' id='word_1_241' title='bbox 256 3338 373 3404; x_wconf 86' lang='lat' dir='ltr'>deinde</span> <span class='ocrx_word' id='word_1_242' title='bbox 396 3337 589 3405; x_wconf 80' lang='lat' dir='ltr'>Graecorum</span> <span class='ocrx_word' id='word_1_243' title='bbox 611 3339 655 3422; x_wconf 87' lang='lat' dir='ltr'>(v.</span> <span class='ocrx_word' id='word_1_244' title='bbox 674 3343 866 3426; x_wconf 80' lang='lat'><strong>370-374),</strong></span> <span class='ocrx_word' id='word_1_245' title='bbox 890 3343 1000 3408; x_wconf 90' lang='lat' dir='ltr'>matris</span> <span class='ocrx_word' id='word_1_246' title='bbox 1016 3343 1154 3425; x_wconf 87' lang='lat' dir='ltr'>denique</span> <span class='ocrx_word' id='word_1_247' title='bbox 1169 3343 1211 3427; x_wconf 85' lang='lat' dir='ltr'>(v.</span> <span class='ocrx_word' id='word_1_248' title='bbox 1229 3348 1408 3425; x_wconf 75' lang='lat' dir='ltr'>ars—385)</span> 
     </span>
     <span class='ocr_line' id='line_1_31' title="bbox 254 3440 1408 3529; baseline 0.008 -23"><span class='ocrx_word' id='word_1_249' title='bbox 254 3444 373 3507; x_wconf 89' lang='lat' dir='ltr'>sortem</span> <span class='ocrx_word' id='word_1_250' title='bbox 394 3440 605 3507; x_wconf 89' lang='lat' dir='ltr'>miserrimam</span> <span class='ocrx_word' id='word_1_251' title='bbox 628 3442 793 3526; x_wconf 83' lang='lat' dir='ltr'>significet,</span> <span class='ocrx_word' id='word_1_252' title='bbox 817 3463 888 3510; x_wconf 92' lang='lat' dir='ltr'>cum</span> <span class='ocrx_word' id='word_1_253' title='bbox 906 3444 1017 3510; x_wconf 88' lang='lat' dir='ltr'>beatas</span> <span class='ocrx_word' id='word_1_254' title='bbox 1032 3444 1207 3528; x_wconf 87' lang='lat' dir='ltr'>praedicat,</span> <span class='ocrx_word' id='word_1_255' title='bbox 1231 3449 1346 3529; x_wconf 89' lang='lat' dir='ltr'>quibus</span> <span class='ocrx_word' id='word_1_256' title='bbox 1369 3470 1408 3514; x_wconf 84' lang='lat' dir='ltr'>ex</span> 
     </span>
    </p>
   </div>
   <div class='ocr_carea' id='block_1_3' title="bbox 253 3638 1406 4134">
    <p class='ocr_par' dir='ltr' id='par_1_5' title="bbox 253 3638 1406 3881">
     <span class='ocr_line' id='line_1_32' title="bbox 342 3638 1406 3713; baseline 0.008 -19"><span class='ocrx_word' id='word_1_257' title='bbox 342 3646 365 3708; x_wconf 86' lang='lat'>1)</span> <span class='ocrx_word' id='word_1_258' title='bbox 383 3640 557 3694; x_wconf 88' lang='lat' dir='ltr'>Robortellus</span> <span class='ocrx_word' id='word_1_259' title='bbox 575 3640 685 3710; x_wconf 88' lang='lat' dir='ltr'>scripsit</span> <span class='ocrx_word' id='word_1_260' title='bbox 702 3643 813 3712; x_wconf 75' lang='grc' dir='ltr'><strong><em>λεαλνῃ,</em></strong></span> <span class='ocrx_word' id='word_1_261' title='bbox 836 3642 908 3710; x_wconf 90' lang='lat' dir='ltr'>quod</span> <span class='ocrx_word' id='word_1_262' title='bbox 925 3642 1118 3710; x_wconf 86' lang='lat' dir='ltr'>interpretatus</span> <span class='ocrx_word' id='word_1_263' title='bbox 1137 3647 1179 3698; x_wconf 88' lang='lat' dir='ltr'>est</span> <span class='ocrx_word' id='word_1_264' title='bbox 1192 3638 1328 3713; x_wconf 81' lang='lat' dir='ltr'>‘levigaris</span> <span class='ocrx_word' id='word_1_265' title='bbox 1346 3649 1363 3703; x_wconf 88' lang='lat' dir='ltr'>i.</span> <span class='ocrx_word' id='word_1_266' title='bbox 1384 3664 1406 3703; x_wconf 92' lang='lat' dir='ltr'>e.</span> 
     </span>
     <span class='ocr_line' id='line_1_33' title="bbox 253 3717 1406 3802; baseline 0.005 -22"><span class='ocrx_word' id='word_1_267' title='bbox 253 3727 373 3781; x_wconf 88' lang='lat' dir='ltr'>illustras</span> <span class='ocrx_word' id='word_1_268' title='bbox 382 3717 485 3781; x_wconf 60' lang='lat' dir='ltr'>stellis?</span> <span class='ocrx_word' id='word_1_269' title='bbox 511 3725 543 3779; x_wconf 93' lang='lat' dir='ltr'>Id</span> <span class='ocrx_word' id='word_1_270' title='bbox 553 3726 647 3781; x_wconf 89' lang='lat' dir='ltr'>merito</span> <span class='ocrx_word' id='word_1_271' title='bbox 657 3727 796 3795; x_wconf 86' lang='lat' dir='ltr'>impugnat</span> <span class='ocrx_word' id='word_1_272' title='bbox 805 3724 930 3793; x_wconf 83' lang='lat' dir='ltr'>Sigonius</span> <span class='ocrx_word' id='word_1_273' title='bbox 939 3726 967 3779; x_wconf 90' lang='lat' dir='ltr'>in</span> <span class='ocrx_word' id='word_1_274' title='bbox 977 3727 1089 3782; x_wconf 87' lang='lat' dir='ltr'>Emend.</span> <span class='ocrx_word' id='word_1_275' title='bbox 1100 3728 1178 3793; x_wconf 87' lang='lat' dir='ltr'>(Vcn.</span> <span class='ocrx_word' id='word_1_276' title='bbox 1192 3733 1256 3784; x_wconf 80' lang='lat'>1557</span> <span class='ocrx_word' id='word_1_277' title='bbox 1266 3747 1292 3799; x_wconf 91' lang='lat' dir='ltr'>p.</span> <span class='ocrx_word' id='word_1_278' title='bbox 1304 3734 1406 3802; x_wconf 81' lang='lat' dir='ltr'>84sq.);</span> 
     </span>
     <span class='ocr_line' id='line_1_34' title="bbox 253 3811 1295 3881; baseline 0.006 -17"><span class='ocrx_word' id='word_1_279' title='bbox 253 3811 312 3881; x_wconf 88' lang='lat' dir='ltr'>ipse</span> <span class='ocrx_word' id='word_1_280' title='bbox 328 3814 421 3867; x_wconf 88' lang='lat' dir='ltr'>autern</span> <span class='ocrx_word' id='word_1_281' title='bbox 439 3813 532 3865; x_wconf 83' lang='lat' dir='ltr'>censet</span> <span class='ocrx_word' id='word_1_282' title='bbox 548 3816 657 3879; x_wconf 85' lang='lat' dir='ltr'>poetam</span> <span class='ocrx_word' id='word_1_283' title='bbox 674 3811 787 3864; x_wconf 88' lang='lat' dir='ltr'>leaenae</span> <span class='ocrx_word' id='word_1_284' title='bbox 805 3811 911 3864; x_wconf 89' lang='lat' dir='ltr'>nomine</span> <span class='ocrx_word' id='word_1_285' title='bbox 929 3827 978 3879; x_wconf 91' lang='lat' dir='ltr'>pro</span> <span class='ocrx_word' id='word_1_286' title='bbox 996 3828 1077 3866; x_wconf 89' lang='lat' dir='ltr'>ursae</span> <span class='ocrx_word' id='word_1_287' title='bbox 1094 3814 1209 3869; x_wconf 90' lang='lat' dir='ltr'>abusum</span> <span class='ocrx_word' id='word_1_288' title='bbox 1227 3830 1295 3871; x_wconf 85' lang='lat' dir='ltr'>esse.</span> 
     </span>
    </p>

    <p class='ocr_par' dir='ltr' id='par_1_6' title="bbox 253 3890 1406 4134">
     <span class='ocr_line' id='line_1_35' title="bbox 340 3890 1406 3969; baseline 0.003 -18"><span class='ocrx_word' id='word_1_289' title='bbox 340 3900 365 3964; x_wconf 81' lang='lat'>2)</span> <span class='ocrx_word' id='word_1_290' title='bbox 383 3895 424 3951; x_wconf 83' lang='lat' dir='ltr'>Cf.</span> <span class='ocrx_word' id='word_1_291' title='bbox 442 3913 467 3951; x_wconf 86' lang='lat' dir='ltr'>v.</span> <span class='ocrx_word' id='word_1_292' title='bbox 486 3899 535 3949; x_wconf 77' lang='lat'>377</span> <span class='ocrx_word' id='word_1_293' title='bbox 555 3894 594 3960; x_wconf 84' lang='grc' dir='ltr'>ὡς</span> <span class='ocrx_word' id='word_1_294' title='bbox 611 3890 684 3952; x_wconf 86' lang='grc' dir='ltr'><strong><em>πολὺ</em></strong></span> <span class='ocrx_word' id='word_1_295' title='bbox 701 3890 814 3967; x_wconf 84' lang='grc' dir='ltr'><strong><em>ματρὸς</em></strong></span> <span class='ocrx_word' id='word_1_296' title='bbox 830 3891 902 3963; x_wconf 76' lang='grc' dir='ltr'><strong><em>ἐμᾶς</em></strong></span> <span class='ocrx_word' id='word_1_297' title='bbox 919 3891 1017 3968; x_wconf 65' lang='grc' dir='ltr'><strong><em>ἔλαχες</em></strong></span> <span class='ocrx_word' id='word_1_298' title='bbox 1035 3899 1137 3966; x_wconf 80' lang='grc' dir='ltr'><strong><em>πλέον,</em></strong></span> <span class='ocrx_word' id='word_1_299' title='bbox 1159 3915 1229 3969; x_wconf 83' lang='lat' dir='ltr'>quae</span> <span class='ocrx_word' id='word_1_300' title='bbox 1254 3902 1321 3957; x_wconf 87' lang='lat' dir='ltr'>satia</span> <span class='ocrx_word' id='word_1_301' title='bbox 1344 3906 1406 3957; x_wconf 89' lang='lat' dir='ltr'>sunt</span> 
     </span>
     <span class='ocr_line' id='line_1_36' title="bbox 253 3977 1406 4054; baseline 0.004 -18"><span class='ocrx_word' id='word_1_302' title='bbox 253 3982 288 4037; x_wconf 91' lang='lat' dir='ltr'>ad</span> <span class='ocrx_word' id='word_1_303' title='bbox 305 3980 457 4047; x_wconf 85' lang='lat' dir='ltr'>refutanda,</span> <span class='ocrx_word' id='word_1_304' title='bbox 475 3995 545 4050; x_wconf 89' lang='lat' dir='ltr'>quae</span> <span class='ocrx_word' id='word_1_305' title='bbox 562 3979 595 4034; x_wconf 88' lang='lat' dir='ltr'>H.</span> <span class='ocrx_word' id='word_1_306' title='bbox 609 3979 730 4034; x_wconf 89' lang='lat' dir='ltr'>Schmidt</span> <span class='ocrx_word' id='word_1_307' title='bbox 746 3983 847 4033; x_wconf 84' lang='lat' dir='ltr'>temere</span> <span class='ocrx_word' id='word_1_308' title='bbox 865 3984 921 4035; x_wconf 88' lang='lat' dir='ltr'>stat</span> <span class='ocrx_word' id='word_1_309' title='bbox 942 3981 975 4035; x_wconf 89' lang='lat' dir='ltr'>&#39;t:</span> <span class='ocrx_word' id='word_1_310' title='bbox 990 3977 1107 4038; x_wconf 80' lang='lat' dir='ltr'>‘Helena</span> <span class='ocrx_word' id='word_1_311' title='bbox 1124 3986 1181 4039; x_wconf 89' lang='lat' dir='ltr'>also</span> <span class='ocrx_word' id='word_1_312' title='bbox 1199 3985 1346 4054; x_wconf 82' lang='lat' dir='ltr'>vergleicht</span> <span class='ocrx_word' id='word_1_313' title='bbox 1363 3988 1406 4041; x_wconf 91' lang='lat' dir='ltr'>ihr</span> 
     </span>
     <span class='ocr_line' id='line_1_37' title="bbox 253 4061 1017 4134; baseline 0.003 -14"><span class='ocrx_word' id='word_1_314' title='bbox 253 4066 378 4134; x_wconf 83' lang='lat' dir='ltr'>Unglltck</span> <span class='ocrx_word' id='word_1_315' title='bbox 396 4067 445 4120; x_wconf 90' lang='lat' dir='ltr'>mit</span> <span class='ocrx_word' id='word_1_316' title='bbox 462 4065 522 4118; x_wconf 90' lang='lat' dir='ltr'>dem</span> <span class='ocrx_word' id='word_1_317' title='bbox 540 4064 693 4117; x_wconf 86' lang='lat' dir='ltr'>herrlichen</span> <span class='ocrx_word' id='word_1_318' title='bbox 710 4064 801 4119; x_wconf 88' lang='lat' dir='ltr'>Loose</span> <span class='ocrx_word' id='word_1_319' title='bbox 818 4066 866 4120; x_wconf 89' lang='lat' dir='ltr'>der</span> <span class='ocrx_word' id='word_1_320' title='bbox 883 4061 1017 4122; x_wconf 64' lang='lat' dir='ltr'>nathan?</span> 
     </span>
    </p>
   </div>
   <div class='ocr_carea' id='block_1_4' title="bbox 0 0 1484 4734">
    <p class='ocr_par' dir='ltr' id='par_1_7' title="bbox 0 0 1484 4734">
     <span class='ocr_line' id='line_1_38' title="bbox 0 0 1484 4734; baseline 0 4"><span class='ocrx_word' id='word_1_321' title='bbox 0 0 1484 4734; x_wconf 95' lang='lat' dir='ltr'> </span> 
     </span>
    </p>
   </div>
  </div>
 </body>
</html>
