2958 4734
497 320 539 374 De
557 319 684 375 callistus
702 319 804 374 fabula.
896 297 897 304 ἵ
1164 321 1225 381 289

80 499 181 561 autem
195 493 340 562 notitiam
355 492 518 577 Hyginum
534 492 635 559 doctis
650 492 846 558 Parmenisci
867 491 958 558 libris
974 491 1092 559 debere
1107 493 1228 562 Robert

80 597 109 660 in
123 597 208 662 llrat.
225 595 293 662 (iat.
308 595 365 661 rel.
387 615 419 678 p.
436 597 495 657 227
510 611 557 675 sq.
582 593 809 677 comprobavit.
853 591 943 659 Idem
964 593 1055 659 illum
1072 596 1227 681 exemplis

80 696 303 764 demonstravit
319 697 435 761 multas
458 695 584 761 fabulas
600 695 775 777 collegisse.
814 694 928 760 Nonne
949 694 1045 778 igitur
1059 696 1227 778 probabile

80 797 118 862 ad
139 799 227 864 illum
251 798 349 865 ctiam
372 816 455 878 quac
476 795 671 882 praecedunt
687 795 766 861 duas
781 796 1033 862 narratiunculas
1056 797 1170 880 redire,
1192 804 1228 863 ut

79 897 218 982 Hyginus
252 899 295 966 ad
324 900 440 966 Ursam
474 897 700 982 explicandam
734 899 870 982 primum
905 898 1088 965 adhibuerit
1117 899 1226 965 Erato-

79 997 228 1083 sthenem,
251 999 378 1081 deinde,
401 999 486 1066 unde
504 998 598 1065 huius
613 999 799 1064 memoriam
822 1000 995 1083 suppleret,
1018 1000 1134 1066 adierit
1151 1002 1225 1067 Par·

78 1100 269 1166 maniacum?

616 1258 686 1331 §a

159 1407 198 1472 Εἰ
222 1425 318 1488 quam
341 1406 435 1472 modo
457 1405 664 1472 tractavimus
686 1407 860 1472 narrationi
882 1406 996 1473 similis
1021 1415 1070 1474 est
1092 1427 1175 1490 quac
1197 1407 1228 1474 ci

83 1508 224 1590 proxime
246 1507 415 1590 antecedit,
438 1507 484 1573 ita
505 1507 596 1572 libris
617 1505 750 1573 tradita:

156 1603 324 1676 ‘Nonnulli
346 1608 444 1674 etiam
467 1607 624 1690 dixerunt,
647 1627 718 1675 cum
734 1609 854 1678 Calisto
878 1611 919 1677 ab
938 1611 1015 1677 Iove
1038 1616 1122 1678 esset
1144 1631 1228 1677 com-

79 1730 199 1794 pressa,
220 1710 373 1776 Iunonem
395 1709 595 1791 indignatam
617 1711 651 1775 in
673 1730 782 1776 ursam
805 1731 876 1777 eam
899 1711 1108 1795 convertisse,
1133 1732 1229 1795 quam

79 1811 199 1881 Dianae
221 1811 352 1879 venanti
382 1811 511 1877 obviam
539 1813 656 1877 factam
686 1813 728 1877 ab
758 1831 797 1877 ca
826 1813 1026 1879 interfectam
1055 1817 1088 1878 et
1117 1819 1230 1895 postea

82 1915 238 1994 cognitam
260 1914 343 1978 inter
365 1913 472 1979 sidera
494 1907 700 1979 collocatam?

160 2015 277 2082 Omnia
292 2015 384 2080 vidos
400 2033 470 2079 cum
487 2013 676 2080 Callimachi
690 2034 843 2096 germana
859 2014 1040 2081 narratione
1055 2033 1229 2100 congruere

80 2121 210 2200 excepto
241 2117 347 2199 exitu,
376 2136 447 2181 cum
470 2114 604 2182 Callisto
626 2137 689 2184 non
712 2116 776 2182 iam
798 2137 820 2182 a
841 2115 932 2198 love,
959 2117 1069 2200 utqui
1092 2136 1110 2181 ι
1133 2116 1229 2183 (lalli-

79 2218 190 2285 macho
205 2215 346 2302 pendent
357 2216 455 2283 ceteri
469 2237 532 2283 uno
548 2236 703 2284 consensu
715 2217 861 2302 produnt,
878 2216 936 2284 sed
952 2218 1090 2284 aDiaua
1105 2215 1231 2284 dicatur

78 2316 116 2383 ad
132 2318 240 2385 sidera
253 2320 379 2403 perlata
392 2337 471 2385 essa.
502 2319 672 2384 Praeterea
686 2319 800 2384 iterum
821 2319 902 2384 nihil
917 2318 958 2383 dc
973 2319 1113 2401 Arcadc3
1132 2326 1229 2401 atquc

78 2421 186 2487 fabula
208 2419 255 2483 ita
277 2419 474 2483 conformata
497 2423 555 2499 est,
577 2424 613 2482 ιιι
628 2418 658 2484 ei
679 2419 769 2484 locus
784 2420 839 2484 vix
854 2421 1053 2501 relinquatur
1068 2440 1127 2486 nec
1149 2420 1230 2486 sicut

79 2519 107 2586 in
129 2519 238 2604 priore
260 2520 363 2584 forma
384 2518 454 2583 cius
477 2519 595 2584 mentio
617 2520 706 2585 nullo
734 2520 862 2602 negotio
890 2519 987 2585 inseri
1009 2520 1125 2605 possit:
1154 2542 1230 2587 nam

80 2623 201 2689 abiecto
226 2622 281 2702 qui
303 2621 345 2686 ad
364 2625 539 2687 extremum
566 2619 793 2704 intercederet,
814 2642 856 2688 ne
877 2621 978 2707 ipsius
999 2621 1116 2706 periret
1136 2622 1230 2707 filius,

81 2728 109 2788 et
134 2723 274 2790 invicem
302 2721 475 2789 substituta
497 2721 586 2788 cuius
607 2721 688 2788 nihil
710 2723 878 2791 interesset
898 2723 959 2790 nisi
981 2729 1015 2790 ιιι
1037 2744 1175 2792 ιιιοιιιιι
1197 2726 1231 2791 in

82 2826 212 2906 pristina
234 2823 437 2891 commissum
459 2824 564 2891 sodali
584 2825 715 2891 sarciret
736 2826 864 2893 sublata
886 2834 935 2893 est
953 2826 1034 2893 ratio
1056 2834 1089 2893 ct
1104 2828 1230 2894 occasio

82 2928 229 2993 servandi
250 2926 368 2992 amoris
390 2925 546 3010 pignoris:
576 2926 636 2992 hoc
663 2928 760 3012 igitur
782 2929 823 2993 ab
846 2935 976 2994 auctore
1003 2927 1096 2994 istius
1124 2948 1230 2994 narra-

84 3026 172 3095 tionis
194 3046 324 3111 prorsus
346 3028 527 3106 neglectum
550 3026 685 3094 videtur.
730 3027 816 3094 Iovis
838 3034 944 3093 autem
967 3028 1154 3116 progeniem
1176 3049 1229 3094 nc-

83 3128 208 3213 glegcrc
223 3150 281 3213 per
298 3128 427 3194 fabulae
442 3132 587 3192 naturam
603 3148 666 3194 non
680 3128 770 3194 licuit
784 3127 846 3192 nisi
862 3127 901 3207 ei,
924 3127 979 3208 qui
1000 3127 1069 3193 sinc
1084 3136 1231 3211 respectu

83 3232 204 3312 generis
215 3230 420 3297 continuandi
429 3230 463 3296 id
475 3250 572 3296 unum
583 3229 616 3294 in
628 3228 729 3295 oculis
741 3229 884 3312 haberet,
897 3227 1125 3295 uteOallistus
1136 3229 1231 3296 rebus

12 3419 13 3424 Ἰ
84 3329 181 3402 Ursae
205 3333 359 3400 caelestis·
375 3330 623 3416 explicationem
645 3330 784 3398 eliceret.
821 3332 905 3415 Hrgo
922 3336 1032 3397 auctor
1055 3338 1124 3398 erat
1144 3336 1229 3399 cata

12 3453 13 3496 ι
84 3436 294 3501 sterismomm
309 3441 453 3515 venator,
473 3433 528 3515 qui
543 3451 626 3515 quae
640 3431 684 3499 ad
705 3431 820 3500 sideris
835 3432 990 3516 originem
1013 3431 1230 3502 demonstran-

12 3527 13 3560 ³
84 3531 152 3600 dam
164 3537 198 3603 in
208 3537 318 3602 fabula
329 3557 391 3603 non
403 3541 509 3601 essent
520 3535 701 3602 necessaria
711 3541 885 3603 resecaret:
898 3536 1014 3602 etenim
1026 3535 1230 3602 cumArcadc

84 3634 189 3703 lovem
207 3639 343 3705 removit
363 3639 396 3703 in
417 3636 481 3704 fine
496 3637 591 3703 matri
608 3637 738 3719 filioque
761 3644 994 3704 succurrentem
1011 3642 1043 3702 ιι
1064 3636 1180 3719 omisit,
1202 3636 1231 3701 si

12 3731 13 3782 l
85 3736 201 3825 Hygini
216 3739 323 3806 verbis
335 3733 445 3824 ‘quam
461 3739 586 3805 Dianae
601 3739 731 3807 venanti
746 3738 876 3806 obviam
890 3731 1021 3807 factam'
1039 3743 1162 3803 tantum
1177 3736 1230 3802 tri-

12 3829 13 3850 *
88 3837 180 3909 bucre
197 3841 283 3924 licet,
306 3841 403 3909 ctiam
418 3841 547 3907 lunonis
561 3840 734 3906 fallaciam.
771 3841 870 3907 Multo
892 3840 988 3924 igitur
1003 3844 1035 3905 et
1051 3837 1231 3905 breviorem

12 3945 13 3948 ’
88 3948 116 4007 ιι
136 3943 361 4029 simpliciorem
384 3944 597 4009 narrationem
620 3941 768 4036 reddidit.
813 3942 891 4008 Sola
913 3941 997 4008 enim
1020 3940 1085 4004 iam
1107 3939 1231 4025 perlicit

87 4041 187 4111 Diana
212 4063 297 4128 quac
321 4043 409 4127 apud
431 4043 661 4111 Callimachum
684 4045 762 4110 luno
790 4063 847 4129 per
869 4043 1007 4109 Dianam
1030 4047 1062 4109 et
1083 4041 1231 4126 luppiter
