2988 4728
244 279 307 338 352
677 272 845 330 Reiuholdus
862 272 952 328 Franz

247 448 430 517 mehercule
451 466 515 515 non
536 467 618 532 opus
640 451 708 512 erat
736 446 920 514 testimonio
943 444 1124 512 confirmari
1146 445 1243 531 longe
1264 446 1409 529 repetito

249 556 378 638 poetam
406 569 471 616 non
497 549 568 616 sine
596 551 744 635 exemplo
772 567 841 614 rem
870 545 1033 629 quandam
1061 566 1133 613 cum
1161 545 1292 613 flumine
1319 567 1410 614 com-

249 672 447 739 parasse-
468 671 544 718 nam
566 650 644 734 quid
666 649 700 716 in
721 649 782 718 hoc
805 647 899 715 miri?
921 686 979 730 —,
1002 647 1062 715 sed
1084 647 1180 714 docta
1201 648 1413 717 adnotatiun-

250 758 322 825 cula
348 759 404 820 aut
429 752 492 819 fine
520 758 608 818 caret
637 756 693 818 aut
718 751 766 819 ita
787 749 976 835 accipienda
998 754 1062 832 est,
1091 754 1127 815 ut
1156 748 1223 816 iam
1244 749 1413 818 Hesiodus
1480 803 1481 820 r

250 879 321 926 cum
342 856 473 922 flumine
495 853 728 937 comparaverit
748 854 904 935 Anguem.
950 850 1044 930 Quod
1066 856 1261 918 statuentem
1291 872 1332 919 ne
1361 851 1414 918 ita
1480 867 1481 870 ’

251 958 382 1041 quidem
404 975 455 1021 me
478 953 619 1038 effugere
640 954 756 1038 possis,
783 961 817 1020 ut
839 954 973 1022 Hesiodi
995 955 1096 1021 verba
1118 952 1162 1018 ad
1184 951 1321 1036 animal,
1343 973 1414 1021 non

251 1060 294 1126 ad
316 1059 404 1125 sidus
430 1058 559 1124 referas.
603 1056 688 1122 Nam
717 1061 751 1120 ut
781 1057 922 1138 mittam,
951 1056 1037 1138 quod
1064 1055 1124 1121 tali
1151 1054 1413 1138 interpretationi

252 1160 410 1229 scholium
433 1159 537 1223 minus
560 1158 717 1240 convenit,
739 1157 928 1224 incredibile
951 1164 999 1225 est
1013 1156 1192 1223 Hesiodum
1214 1162 1410 1241 serpentem,

254 1263 383 1347 qualem
405 1267 490 1327 terra
512 1259 701 1342 sustineret,
723 1278 863 1342 unquam
886 1261 1030 1344 ποταμῷ
1053 1257 1178 1344 betocer
1200 1256 1339 1324 similem
1363 1257 1412 1323 di·
1481 1331 1482 1344 ,

253 1365 355 1447 xisse;
381 1383 455 1429 nam
477 1361 543 1428 tale
565 1360 653 1444 quid,
675 1361 703 1427 si
726 1362 793 1442 cui,
817 1361 897 1428 nulli
917 1362 980 1429 nisi
1002 1362 1057 1428 uni
1079 1382 1097 1427 e
1119 1359 1222 1444 poetis
1244 1359 1414 1443 Romanis,

253 1466 287 1532 in
315 1463 480 1531 immensis
509 1460 757 1546 bacchantibus,
785 1462 819 1526 in
849 1470 989 1530 mentem
1016 1463 1125 1529 venire
1144 1467 1289 1546 poterat.
1333 1461 1415 1528 Sine

254 1568 321 1632 ullo
350 1584 426 1631 vero
453 1564 522 1630 iure
550 1562 667 1630 Nauck
694 1562 728 1627 in
755 1562 888 1630 Miscell.
913 1564 1116 1631 Graecorom.
1138 1563 1183 1629 IV
1202 1566 1262 1628 397
1293 1564 1414 1648 spretis

256 1687 339 1751 quae
368 1663 488 1732 tradita
514 1668 587 1732 sunt
614 1684 654 1730 ac
674 1664 832 1732 violenter
860 1666 991 1732 mutatis
1013 1666 1115 1733 verba
1143 1664 1185 1731 ad
1207 1664 1302 1731 Hom.
1326 1668 1356 1728 Ε
1370 1669 1413 1730 87

255 1768 386 1836 rettulit.
422 1765 545 1850 Anguis
559 1769 667 1834 autem
690 1766 963 1834 commemorandi
985 1766 1115 1834 ubinam
1138 1767 1264 1834 occasio
1286 1773 1344 1833 aut
1365 1768 1413 1833 fa·
1482 1847 1483 1858 ἵ

257 1872 362 1938 cultas
384 1867 527 1935 Hesiodo
551 1868 628 1935 data
651 1876 720 1937 erat
741 1871 805 1936 nisi
827 1871 859 1936 in
883 1867 1022 1936 carmine
1044 1867 1281 1936 astronomico?
1325 1869 1415 1952 Ergo

257 1992 375 2039 novum
403 1977 547 2037 tenemus
577 1969 671 2036 huius
698 1972 876 2040 frustulum.
913 1971 983 2038 Iam
1013 1991 1090 2039 vero
1119 1970 1255 2038 eandem
1283 1989 1416 2053 compa-

257 2074 414 2140 rationem
443 2070 620 2155 reperimus
648 2073 681 2138 in
710 2074 803 2140 Arati
824 2073 946 2141 Phaen.
972 2078 1031 2156 45,
1058 2073 1121 2140 nisi
1150 2072 1236 2155 quod
1266 2092 1287 2138 a
1314 2079 1417 2154 poeta

257 2172 477 2242 Alexandrino
507 2172 645 2255 simplex
672 2175 731 2242 illa
757 2175 864 2258 imago
894 2173 1041 2241 subtilior
1070 2174 1197 2242 reddita
1226 2180 1275 2240 est
1305 2175 1417 2241 verbis

260 2277 313 2363 οἵη
337 2284 506 2356 ποταμοῖο
530 2265 736 2359 ἆπορρώξϊ).
774 2278 925 2343 Attamen
947 2276 1104 2343 Draconis
1126 2274 1350 2344 eumdumius
1373 2276 1417 2342 si-

258 2376 405 2446 militudo
420 2396 482 2442 non
500 2396 559 2442 sua
582 2383 695 2461 sponte
710 2377 812 2444 oculis
834 2398 869 2446 se
892 2377 999 2445 offert:
1024 2397 1214 2444 consensum
1229 2378 1336 2462 igitur,
1359 2377 1417 2459 qui

260 2480 344 2546 inter
366 2478 545 2545 Hesiodum
568 2483 600 2545 et
622 2481 755 2546 Aratum
778 2487 844 2563 est,
873 2502 936 2548 non
965 2481 1060 2546 aliter
1089 2477 1245 2564 expedias
1267 2497 1365 2560 quam
1389 2479 1418 2545 si

261 2584 397 2648 alterum
419 2580 461 2646 ab
484 2581 584 2647 altero
607 2586 784 2648 mutuatum
807 2601 878 2649 esse
900 2587 1033 2649 statuas.

347 2684 441 2749 Novo
461 2681 522 2747 hoo
544 2683 679 2747 frustulo
702 2683 852 2750 carminis
864 2684 979 2750 notitia
995 2685 1108 2750 mirum
1123 2683 1157 2748 in
1172 2679 1302 2747 modurn
1318 2699 1417 2763 auge·

261 2791 321 2850 tur.
366 2783 415 2846 Ex
438 2802 477 2849 eo
501 2781 585 2846 enim
608 2780 804 2849 addiscimus
825 2792 954 2869 poetam
980 2785 1120 2852 sidemm
1147 2783 1267 2866 figuras
1297 2781 1420 2849 descri-

261 2885 365 2970 psisse
387 2883 492 2951 studio
515 2882 645 2950 ductum
674 2904 761 2951 mere
789 2887 1020 2970 astronomica,
1049 2883 1310 2969 quandoquidem
1332 2885 1416 2948 Dra-

263 3005 342 3054 cone
365 2992 492 3052 veteres
514 3004 676 3067 nunquam
698 2988 869 3053 utebantur
890 3006 994 3070 neque
1016 2988 1059 3054 ad
1078 2985 1318 3072 cognoscendas
1334 2985 1418 3052 caeli

262 3090 425 3174 regiones,
447 3088 537 3154 velut
559 3087 666 3170 Ursis,
695 3108 799 3172 neque
828 3088 871 3154 ad
899 3091 975 3156 anni
1002 3095 1149 3175 tempora
1177 3084 1417 3169 distinguenda,

263 3192 353 3257 velut
374 3188 524 3268 Vergiliis
546 3195 579 3254 et
602 3189 737 3271 Suculis,
760 3189 878 3257 Orione
901 3195 934 3257 et
955 3191 1099 3258 Arcturo.

350 3291 520 3374 Superest,
551 3310 647 3373 quam
676 3291 763 3358 haud
792 3292 887 3359 facile
909 3292 1033 3376 solvas,
1057 3291 1221 3375 quaestio,
1244 3309 1419 3372 quemnam

264 3392 420 3457 ambitum
442 3391 475 3454 in
498 3394 638 3458 carmine
668 3392 837 3459 habuerint
858 3393 1034 3461 fabulae.
1079 3391 1349 3462 Marckscheffelii
1370 3394 1418 3459 ni·

265 3493 363 3559 miam
386 3492 577 3575 largitatem,
601 3512 665 3574 qua
686 3493 742 3561 ille
765 3516 885 3579 omnes,
909 3496 1023 3578 quibus
1045 3500 1079 3562 in
1094 3494 1254 3562 Eratosth.
1271 3493 1417 3561 cataste-

265 3594 371 3662 rismis
382 3591 517 3659 Hesiodi
529 3614 646 3661 nomen
660 3595 824 3681 adhaeret,
841 3597 967 3663 fabulas
983 3597 1057 3664 huic
1072 3596 1205 3663 carmini
1220 3595 1419 3681 assignabat,

267 3695 380 3764 merito
395 3694 517 3761 Robcrt
531 3716 562 3780 p.
579 3701 641 3761 240
659 3697 784 3781 reiecit,
809 3699 863 3780 qui
886 3705 993 3766 tamen
1016 3699 1090 3764 huic
1111 3719 1174 3765 non
1197 3717 1270 3764 esse
1284 3697 1421 3782 eripien-

267 3797 328 3864 das
351 3796 505 3865 censebat
527 3797 653 3866 fabulas
676 3798 828 3868 Callistus
850 3806 883 3868 et
904 3799 1032 3868 Orionis
1060 3798 1221 3866 uberrime
1243 3807 1420 3867 enarratas.

358 4020 380 4081 1)
398 4016 441 4071 Ab
453 4017 539 4072 Arato
552 4031 611 4071 eam
629 4017 735 4087 accepit
746 4017 881 4086 Vergilius
900 4024 927 4073 et
940 4017 1042 4073 Seneca
1053 4017 1082 4072 in
1094 4016 1204 4087 Thyest.
1216 4020 1265 4072 stu
1278 4017 1320 4072 ed.
1334 4016 1419 4072 Leon.
