2958 4734
524 286 566 341 De
584 285 712 342 Callistus
730 285 831 342 tahida.
1191 289 1252 352 271

98 459 217 525 simul
233 457 476 541 sanguinem
498 477 658 540 curans,
687 457 925 524 Mercurium
948 460 1074 544 misit,
1105 462 1171 543 qui
1193 461 1253 528 in-

97 562 249 626 fantem
271 557 527 626 educandum
550 559 681 627 Maiae
703 558 979 626 committeret
1001 559 1040 626 in
1062 560 1253 646 Cyllenio

98 668 230 729 monte
252 658 515 743 habitanti¹)‚
539 668 705 728 matrem
727 661 914 727 nutriret.

181 763 295 829 Talem
318 763 386 829 iere
401 760 561 828 Hesiodus
583 760 714 829 Graecis
737 761 885 828 exhibuit
900 761 1052 829 Callistus
1074 762 1252 848 historiam,

98 883 194 946 quam
216 864 337 947 primus
352 862 466 930 litteris
482 861 654 930 mandasse
670 862 902 930 existimandus
925 872 983 931 est.
1017 865 1086 933 Nec
1108 866 1252 951 dedecet,

97 965 221 1049 opinor,
242 969 371 1050 poetam
393 965 475 1031 haec
497 984 602 1031 rerum
624 965 842 1048 conformatio,
867 984 1060 1051 quanquam,
1084 966 1162 1049 quid
1184 968 1253 1053 ipse

97 1067 307 1150 praestiterit,
338 1065 415 1148 quid
443 1072 554 1132 vatum
582 1066 780 1150 superiorum
810 1067 954 1134 sollertia
983 1067 1128 1153 finxerit,
1155 1068 1273 1136 hodie.

96 1187 159 1234 non
187 1168 252 1232 iam
281 1168 357 1234 licet
390 1167 490 1252 probe
519 1166 700 1235 discernere
733 1175 789 1235 aut
821 1167 962 1235 definire.
1014 1168 1080 1235 Sed
1109 1170 1253 1254 quisquis

95 1288 252 1336 summam
273 1268 379 1336 laudis
400 1268 532 1352 meruit,
562 1266 708 1335 videmus
731 1269 873 1335 fabulam
902 1270 978 1336 olim
1006 1269 1175 1358 nihilffrisi
1198 1291 1251 1354 ge-

96 1368 297 1452 nealogicam
325 1369 391 1436 iam
419 1390 495 1436 vere
523 1369 698 1435 humanam
726 1369 859 1436 factam:
887 1390 962 1435 nam
991 1389 1074 1452 quae
1103 1370 1145 1436 de
1173 1373 1253 1440 miro

95 1471 258 1538 Arcadum
280 1470 430 1555 eponymi
453 1491 494 1537 ex
519 1491 592 1538 ursa
621 1478 692 1538 ortu
720 1471 797 1540 olim
825 1472 1010 1538 ferebantur
1036 1472 1101 1538 iarn
1129 1473 1176 1538 ita
1198 1493 1251 1540 ex·

97 1575 184 1640 culta
199 1571 458 1659 amplificataquc
473 1573 663 1656 invenimus,
679 1577 714 1638 ut
728 1574 904 1640 necessitas
920 1574 1081 1656 quaedam
1097 1580 1130 1640 et
1145 1575 1253 1657 aequi-

95 1678 143 1740 tas
159 1672 273 1740 divina
293 1673 326 1740 in
341 1674 488 1742 omnibus
504 1679 718 1760 compareant
753 1674 843 1753 Quae
858 1695 1002 1743 amorem
1016 1676 1147 1760 spernit,
1171 1674 1254 1742 haec

95 1776 135 1841 ab
159 1770 237 1842 Iov'e
261 1774 408 1844 domatur
429 1797 489 1844 nce
510 1783 619 1842 tamen
641 1776 806 1863 frangitur,
828 1776 897 1860 sed,
921 1794 1105 1859 quanquam
1126 1776 1169 1843 ab
1192 1777 1254 1843 hoc

95 1878 203 1944 nobile
225 1879 287 1944 fert
308 1877 341 1944 in
364 1881 453 1944 utero
476 1877 609 1962 pignus,
637 1896 698 1944 neo
718 1878 831 1962 spiritu
852 1898 912 1945 neo
933 1881 1005 1946 loco
1027 1878 1112 1946 cedit
1134 1877 1251 1961 priore,

96 1997 204 2045 casum
236 1997 329 2046 suum
361 1983 530 2063 petronam
561 1980 685 2062 celans,
719 1978 795 2045 dum
823 1979 937 2048 fraude
970 1978 1097 2047 detecta
1125 1978 1167 2046 ab
1196 1978 1254 2044 illa

96 2088 207 2164 erepta
228 2079 369 2146 humana
398 2080 506 2165 specie
527 2080 666 2165 punitur.
710 2082 850 2149 Deserta
871 2084 1000 2166 partum
1022 2079 1106 2162 edit,
1136 2080 1253 2165 peritu-

95 2201 174 2264 rum,
197 2181 260 2248 nisi
284 2182 354 2263 quis
370 2202 463 2266 opem
487 2183 604 2250 tulerit.
642 2183 708 2250 Sed
729 2183 763 2250 in
784 2184 917 2251 summis
938 2182 1095 2266 angustiis
1109 2182 1253 2266 luppiter

95 2301 226 2362 suorum
248 2284 407 2350 meminit:
430 2284 552 2367 ipsam,
575 2302 658 2364 quae
679 2285 745 2348 iam
767 2285 845 2352 satis
867 2284 1050 2369 superbiam
1073 2283 1177 2366 luerit,
1201 2303 1251 2349 cu-

95 2383 221 2451 stodiae
242 2383 389 2449 Mercurii
419 2383 531 2465 tradit3
562 2402 710 2466 puerum,
741 2402 824 2464 quae
846 2383 1046 2451 nobilissima
1067 2385 1172 2448 estin
1194 2386 1252 2449 Ar·

95 2484 200 2567 cadia,
224 2482 337 2547 nutrici
358 2481 500 2566 mandat,
522 2485 663 2550 futurum
684 2501 821 2566 magnae
843 2483 947 2564 gentis
969 2490 1141 2550 auctorem.

182 2584 272 2650 Haeo
293 2602 370 2650 sane
393 2604 455 2649 non
485 2585 592 2652 omnia
619 2584 740 2670 apertis
769 2584 876 2651 verbis
904 2584 1047 2652 indicata
1064 2577 1164 2670 sunt,
1194 2583 1253 2652 sed

96 2693 237 2754 mentem
259 2691 376 2770 poetae
398 2685 578 2753 reddidisse
600 2686 675 2753 ideo
697 2685 899 2771 potissimum
921 2686 1000 2753 mihi
1022 2684 1143 2768 videor,
1166 2684 1253 2768 quod

96 2783 151 2871 p'er
174 2787 398 2871 compilatores
419 2787 507 2872 ipsos
530 2794 658 2856 servata
680 2796 729 2856 est
751 2789 848 2871 ratio,
879 2807 942 2871 qua
963 2788 1070 2856 Diana
1093 2795 1253 2856 commota

97 2907 166 2956 esse
183 2889 307 2972 dicitur,
330 2894 365 2957 ut
380 2890 528 2957 comitem
543 2890 651 2974 specie
672 2890 828 2972 privaret:
850 2899 955 2972 neque
976 2890 1061 2956 enim
1077 2890 1118 2955 ob
1134 2909 1251 2956 vanam

97 2990 310 3075 suspicionem
320 2989 345 3074 Ἰ)
369 2991 450 3056 haec
463 2993 497 3057 in
511 3010 650 3074 poenam
664 2991 777 3057 incidit
798 2991 966 3072 immerito,
989 2991 1047 3056 sed
1064 2984 1141 3072 quia
1156 2990 1251 3057 deam
1288 3031 1292 3042 ·

97 3091 210 3158 fefellit
236 3091 343 3160 noxia
389 3090 479 3170 Quae
513 3090 594 3157 ratio
623 3099 733 3176 aperte
760 3112 914 3176 expressa
943 3090 1022 3156 mihi
1050 3090 1168 3157 indicio
1204 3098 1253 3157 est

98 3199 203 3260 cetera
226 3211 352 3276 quoque
380 3193 428 3259 ita
456 3199 610 3277 concepta
638 3211 676 3258 ao
699 3193 864 3276 proposita
891 3191 1006 3273 fuisse,
1036 3197 1071 3258 ut
1100 3191 1253 3258 Callistus

99 3293 165 3361 fata
180 3305 251 3358 'non
274 3315 315 3360 ex
336 3296 481 3362 fortunae
504 3293 628 3376 iniuria,
651 3291 710 3361 sed
726 3314 767 3360 ex
788 3293 876 3359 illius
891 3300 999 3360 mente
1021 3300 1251 3378 repeterentur,

99 3402 131 3462 ut
152 3396 294 3463 narratio
317 3396 463 3482 spiritum
486 3397 646 3480 acciperet
667 3414 743 3461 vere
765 3394 930 3477 tragicum.
1254 3418 1257 3425 ·

181 3497 279 3581 Apud
306 3499 499 3581 posteriores
520 3495 681 3565 Hesiodus
708 3496 883 3563 narrationi
910 3515 989 3563 suae
1011 3516 1160 3581 magnam
1183 3495 1251 3580 qui-

183 3680 267 3748 rior.
286 3681 376 3751 Apoll.
395 3680 625 3746 Bibl.11110,2,1
646 3682 728 3736 Μαῖα
746 3709 780 3719 -
797 3710 830 3719 -
849 3683 893 3737 Διὶ
911 3683 1089 3737 συνελθοῦσα
1107 3676 1139 3735 ἐν
1156 3674 1253 3753 ἄντρῳ

99 3769 146 3836 τῆς
164 3762 308 3838 Κυλλήνης
321 3760 425 3837 Ἑρμῆν
442 3767 539 3824 τίκτει.

182 3853 208 3917 2)
225 3851 308 3906 Falso
327 3850 468 3919 Hyginum,
487 3865 549 3904 cum
565 3865 622 3905 rem
640 3849 710 3905 mule
727 3848 915 3916 intellexisset,
938 3847 1090 3904 narrationi
1106 3845 1188 3902 verba
1211 3846 1253 3900 in·

100 3932 193 3990 tulisse
213 3929 271 3990 ‘cui
294 3933 345 3989 dea
366 3949 417 4004 pro
443 3934 628 4003 magnitudine
651 3934 865 4005 suspicionis
889 3949 945 3988 non
968 3933 1100 3989 minorem
1127 3930 1254 3986 retribuit

100 4009 226 4084 poenum'
246 4023 397 4076 ceterorum
415 4033 550 4074 consensu
567 4018 707 4076 evincitur.
