2988 4728
245 280 307 339 326
684 277 853 334 Reinboldus
872 276 962 333 Franz

357 459 455 534 tuque
478 450 642 534 Lycaonio
664 456 786 516 mumta
809 468 828 515 e
848 450 971 517 semine
992 447 1135 533 nymphe
1147 448 1181 533 ¹),

358 573 455 635 quam
476 551 585 636 gelido
608 557 734 636 raptam
757 551 798 618 de
819 550 941 619 vertice
963 550 1167 618 Nonacrinae
1177 550 1203 632 ²)

358 674 478 722 oceano
500 653 651 737 prohibet
672 673 800 738 semper
821 673 857 719 se
878 653 1002 736 tingere
1024 651 1194 737 Tethysil,

358 777 439 823 ausa
461 775 539 822 suae
561 755 638 837 qnia
660 757 702 822 sit
724 755 886 838 quondam
908 756 1116 822 succumbere
1138 747 1309 821 alumnae?

336 861 460 925 Horum
487 877 638 924 versuum
666 865 830 924 auctorem
858 859 948 924 Aem.
971 856 1138 924 Baehrens
1165 857 1198 923 in
1220 858 1312 924 Mise.
1342 860 1415 927 erit.

253 984 284 1047 p.
310 964 350 1025 19
381 959 601 1045 comprobavit
612 958 639 1042 ⁴)
664 954 779 1026 ‘fuisse
809 959 843 1024 in
871 979 980 1025 eornm
1014 963 1181 1043 poetarum
1210 959 1415 1028 novellorum

340 1153 363 1210 1)
381 1147 413 1200 In
432 1144 539 1200 codice:
554 1140 650 1212 ‘tuque
661 1143 817 1215 Lycaoniae
828 1146 948 1198 mumma
965 1143 1068 1198 semine
1085 1135 1237 1214 nymphae?
1267 1143 1416 1210 Muneker,

252 1248 313 1288 cum
326 1230 510 1301 apostrophen
524 1228 559 1282 ad
567 1229 795 1298 Arctophylacem
807 1228 928 1294 referret,
941 1229 1007 1282 nihil
1019 1230 1127 1294 mutari,
1140 1229 1188 1283 sed
1196 1232 1260 1296 post
1268 1221 1416 1284 ‘mutatae'

248 1311 1417 1383 voculam‘e'inserivoluit;quodetsipostealecitliieseegotamenpersersumduco.

250 1403 321 1458 Roh.
332 1403 425 1470 Unger
436 1401 465 1456 in
477 1416 568 1470 progr.
581 1399 736 1454 Friedland.
749 1401 811 1453 1861
823 1414 851 1466 p.
863 1403 954 1468 bsqq„
967 1414 1029 1453 cum
1041 1413 1135 1452 versum
1149 1413 1183 1452 ex
1194 1397 1286 1466 aliquo
1299 1397 1416 1452 heroum

251 1488 385 1557 catalogo,
403 1487 558 1555 quostiam
576 1485 623 1554 qui
640 1500 658 1539 a
676 1484 788 1538 Callisto
804 1497 890 1550 genus
908 1483 1039 1538 ducerent
1055 1483 1184 1537 recensiti
1196 1485 1298 1547 essent,
1317 1497 1415 1551 snper-

250 1586 311 1626 esse
329 1575 445 1640 putaret,
465 1571 548 1625 scribi
564 1570 656 1625 iussit:
671 1563 767 1638 ‘tuqus
778 1561 980 1636 (vel‘tresque')
992 1568 1132 1638 Lycaonio
1143 1571 1292 1622 mutatace
1311 1568 1417 1622 semine

253 1648 405 1725 nymphae?
441 1655 602 1710 Universae
620 1653 796 1710 formaeduo
818 1652 940 1708 obstant:
963 1653 1092 1721 primum,
1115 1653 1143 1707 id
1161 1651 1233 1721 quod
1251 1652 1339 1706 levius
1364 1656 1415 1717 est,

253 1741 423 1795 desideratur
434 1741 585 1808 vocativum
604 1740 709 1805 deinde,
726 1738 809 1808 idque
825 1737 933 1805 gravim
945 1742 995 1802 est,
1013 1737 1097 1792 verba
1106 1730 1133 1791 ‘e
1145 1737 1247 1792 semine
1259 1731 1413 1805 nymphae'

250 1827 411 1881 insolentius
430 1826 586 1881 dictasunt
608 1840 687 1895 quam
710 1839 780 1893 quae
804 1823 829 1877 ei
850 1822 898 1891 qui
919 1837 967 1890 per
991 1822 1174 1877 coniecturam
1196 1821 1298 1876 inierat
1320 1823 1416 1889 largiri
1488 1843 1489 1858 .

251 1911 370 1980 possim3
388 1925 476 1979 neque
493 1909 563 1964 enim
575 1910 640 1963 mihi
658 1909 799 1966 sufficiunt
810 1923 880 1978 quae
893 1907 984 1975 Unger
1000 1922 1027 1974 p.
1041 1911 1056 1960 9
1069 1906 1161 1960 attulit
1173 1906 1305 1975 exempla,
1326 1906 1418 1961 Ovidii
1488 1915 1489 1920 ’

253 1995 329 2058 (Met.
346 1994 400 2050 XII
419 2000 462 2062 93)
475 1989 547 2050 ‘esse
566 1999 655 2050 satum
671 1988 803 2048 Nereide'
822 1999 850 2047 et
872 1991 1033 2061 procreandi
1056 1991 1131 2046 verbi
1148 1992 1229 2046 etiam
1246 1991 1274 2044 in
1292 1991 1417 2047 mulieri·

252 2081 302 2134 bus
326 2095 402 2134 usus.
442 2080 538 2148 Itaque
561 2080 727 2149 apostrophe
751 2079 787 2133 ad
805 2077 916 2132 Callisto
939 2075 1026 2130 relata
1050 2076 1168 2146 praetuli
1192 2091 1253 2130 cum
1272 2076 1416 2131 Scheffero

251 2163 367 2219 formam
375 2157 523 2218 ‘mutatae'
535 2162 563 2216 in
572 2157 690 2219 ‘mnata
702 2160 727 2218 e'
743 2163 901 2228 dissolvere3
916 2155 1059 2231 ‘nymphe'
1071 2177 1122 2230 pro
1135 2154 1297 2231 ‘nymphae'
1311 2162 1418 2217 codicis

251 2253 278 2301 et
287 2241 431 2317 ‘nympha'
444 2246 572 2301 Schefferi
590 2249 683 2315 recepi
696 2264 713 2302 a
724 2247 899 2312 Baehrensio,
918 2246 963 2315 qui
975 2246 1137 2300 novissimus
1149 2247 1223 2300 hunc
1242 2246 1333 2301 locum
1351 2262 1416 2314 per-

250 2332 378 2388 tractavit
395 2333 423 2387 in
441 2331 519 2387 Misc.
539 2332 598 2387 erit.
617 2349 645 2402 p.
660 2338 691 2387 19
702 2348 743 2402 sq.
780 2332 858 2399 Quod
874 2347 939 2386 vero
957 2331 1027 2386 idem
1040 2323 1173 2386 ‘mutatu'
1191 2330 1291 2398 corrigi
1309 2330 1369 2386 vult
1387 2332 1417 2385 in

246 2411 416 2488 ‘prognata’,
434 2434 489 2473 non
507 2417 655 2486 assentior3
674 2433 737 2473 nam
754 2423 782 2472 et
798 2417 865 2472 illud
881 2417 948 2471 ferri
964 2419 1068 2486 potest,
1087 2415 1152 2484 quin
1170 2415 1266 2480 eham,
1293 2428 1356 2469 cum
1381 2417 1418 2471 de

191 2497 194 2503 ’
251 2505 328 2571 signo
350 2518 437 2558 sermo
460 2503 496 2558 sit
513 2503 633 2569 Ursae,
657 2508 778 2556 mutatae
798 2502 901 2570 figurae
923 2500 1084 2570 significatio
1106 2506 1212 2555 tantum
1230 2515 1285 2555 non
1305 2506 1348 2556 est
1365 2517 1415 2556 ne-

250 2602 378 2643 cessaria.

337 2675 363 2736 2)
381 2670 427 2724 Sic
450 2670 478 2722 in
500 2670 602 2724 codiee.
638 2670 773 2724 lduncker
796 2670 879 2723 scribi
902 2671 997 2725 maluit
1016 2664 1206 2734 ‘Nonacrino'‚
1230 2670 1304 2738 quod
1323 2671 1417 2725 Bunte

251 2755 363 2823 recepit
391 2753 451 2821 Ego
461 2767 524 2807 vero
535 2752 637 2806 codicis
650 2752 793 2807 lectionem
802 2769 855 2808 non
866 2755 952 2809 ausim
963 2755 1100 2821 damnare,
1111 2756 1162 2810 etsi
1171 2755 1247 2809 valde
1255 2754 1340 2809 dubia
1347 2756 1417 2810 mihi

253 2854 360 2909 quoqne
379 2840 429 2892 est.
460 2835 538 2889 Trita
555 2837 626 2890 enim
644 2837 761 2890 nominis
779 2837 867 2893 forma
884 2843 927 2894 est
938 2841 1081 2904 Nonacris,
1099 2841 1186 2895 rarior
1198 2839 1345 2906 Nonacria,
1365 2840 1416 2895 sed

251 2924 374 2993 potuisse
395 2921 476 2976 etiam
498 2920 682 2976 Nonacrinam
703 2921 793 2976 locum
816 2925 947 2994 appellari
971 2925 1041 2980 Rob.
1061 2925 1151 2993 Unger
1174 2941 1202 2993 p.
1224 2928 1254 2977 10
1277 2923 1415 2980 similibus

251 3008 380 3078 exemplis
391 3003 632 3075 (111111Ἀμαντ1αι
650 3000 807 3080 Ἂμαντίνη,
826 3011 967 3081 Κεστρὶαε
987 3010 1138 3081 Κεστρίνη,
1150 3007 1329 3076 Elephantis:
1347 3009 1415 3064 Ele-

251 3095 391 3165 phantine)
403 3092 492 3148 evicit.
522 3092 661 3147 Accedere
676 3107 739 3147 vero
753 3110 806 3162 qno
824 3094 913 3150 forma
923 3086 1105 3150 ‘Nonacrina'
1118 3093 1322 3148 commendetur
1339 3092 1415 3148 iufra

251 3180 409 3243 videbimus,
428 3179 463 3233 cl.
481 3195 508 3247 p.
529 3180 578 3230 330
596 3177 659 3232 adu.
679 3183 702 3232 1.

338 3269 363 3330 3)
380 3263 413 3317 ln
431 3262 490 3317 cod.
504 3255 630 3317 ‘Thetis'

338 3352 365 3413 4)
383 3346 448 3400 Tria
466 3345 557 3400 attulit
575 3351 747 3413 argumenta:
770 3348 838 3403 haec
862 3349 932 3402 enim
950 3353 1013 3403 sunt
1031 3348 1090 3403 elus
1114 3348 1209 3403 verba:
1229 3345 1297 3402 ‘non
1318 3363 1415 3416 preme

253 3425 496 3498 σπονδειάζοντα,·
517 3428 565 3483 sed
584 3429 684 3484 Uatudli
704 3434 859 3488 memoriam
882 3434 975 3501 utique
991 3437 1123 3501 provocat
1142 3437 1216 3487 totns
1233 3433 1331 3487 horum
1355 3447 1415 3486 ver·

252 3533 332 3572 sunm
351 3515 432 3570 color.
452 3517 480 3569 et
502 3514 595 3569 neseio
613 3529 648 3569 an
671 3515 694 3570 is
717 3518 763 3585 qui
781 3519 856 3573 (lirin
874 3517 991 3587 epyllicn
1014 3517 1180 3586 composuit,
1204 3520 1236 3570 nt
1257 3530 1292 3570 ex
1315 3516 1415 3570 ceteris

254 3603 312 3658 eius
330 3600 391 3656 aevi
408 3598 514 3655 vatibus
532 3598 614 3654 flores
632 3599 753 3669 collegit,
778 3603 817 3658 ita
835 3619 941 3658 versum
963 3602 1107 3670 fragmenti
1123 3601 1211 3656 nostri
1233 3605 1359 3668 quartum
1379 3600 1415 3655 cb
1487 3615 1488 3672 ,

254 3687 349 3744 oculos
362 3683 496 3750 habuerit,
514 3699 575 3737 cnm
587 3700 612 3738 v.
626 3686 658 3737 83
677 3686 807 3741 scriberet
827 3702 926 3742 «ausa
944 3687 1030 3756 qnod
1049 3692 1101 3742 est
1119 3686 1215 3740 mulier
1226 3698 1328 3739 numen
1339 3683 1416 3738 lrau-

254 3773 320 3827 dare
338 3761 479 3824 deorum»)
514 3767 606 3823 Minus
623 3768 715 3824 valent
734 3771 851 3839 primum
870 3776 896 3824 et
914 3770 1038 3837 tertium,
1055 3771 1118 3840 plus
1136 3770 1263 3824 medinm.
1300 3767 1353 3824 Sed
1372 3776 1416 3824 est

254 3856 326 3926 quod
338 3854 402 3910 huic
414 3853 513 3908 indicio
526 3852 635 3908 obstare
647 3853 779 3909 videatur.
803 3854 905 3911 Poetae
918 3856 988 3910 enim
1000 3855 1106 3910 Catullo
1120 3859 1168 3910 ant
1177 3853 1272 3910 Ouidio
1285 3853 1415 3921 aequales

253 3955 396 4010 nusquam,
414 3942 545 4009 qnantum
562 3953 637 3994 nunc
654 3939 764 4004 scimus,
781 3940 828 3995 illo
841 3957 894 4009 qno
906 3945 987 4009 pocta
1003 3940 1112 4008 ignotus
1127 3954 1209 3995 sensu
1226 3938 1318 3994 dixere
1334 3936 1415 3992 lemi-

252 4039 315 4078 nam
332 4025 447 4080 feminae
465 4024 655 4080 succumbere:
675 4028 712 4089 at,
730 4024 754 4078 si
772 4025 901 4080 mittimus
917 4024 1061 4095 Hyginum,
1080 4024 1113 4080 de
1131 4041 1184 4092 quo
1202 4038 1264 4078 mox
1283 4022 1414 4086 dicemus,
