2958 4734
465 308 507 364 Da
525 307 651 365 Callistus
668 306 771 364 fabula.
1148 311 1209 378 295

145 482 214 547 Hac
228 480 324 565 igitur
339 480 521 547 narratione
543 479 760 547 coniuncta
781 487 882 565 sunt,
905 501 989 564 quae
1004 483 1109 549 adhuc
1124 502 1209 550 seor-

68 604 131 650 sum
153 582 272 649 tradita
292 581 487 666 invenimus,
510 582 828 665 transfiguratio
852 590 885 650 et
905 602 1025 668 mors;
1048 604 1149 650 novus
1177 584 1210 648 in

67 686 123 753 fine
144 684 321 752 accessit
343 683 662 750 catasterismus.
691 683 751 774 Ex
766 682 891 752 duabus
905 692 1013 752 autem
1033 704 1115 768 quae
1138 704 1208 751 coa·

68 790 186 854 luerunt
213 786 344 853 fabulae
367 786 476 852 formis
500 784 636 851 alteram
664 785 765 868 probe
794 786 956 855 novimus:
986 808 1061 854 nam
1084 785 1209 852 Dianae

68 888 194 957 Callisto
224 885 425 954 interficienti
448 885 639 952 occurrimus
660 885 747 969 apud
769 888 921 958 Arcades.
970 891 1123 970 Alteram,
1146 907 1209 970 qua

39 1033 42 1042 .
68 989 193 1056 Callisto
217 1009 237 1054 a
259 989 379 1054 Iunone
399 988 433 1052 in
454 1006 561 1054 ursam
584 1006 739 1055 conversa
761 1009 833 1056 esse
855 992 984 1073 feratur,
1007 996 1117 1074 aperte
1141 988 1207 1071 qui-

67 1089 134 1156 dem
148 1108 335 1173 expressam
357 1089 498 1162 noudum
521 1087 721 1174 offendimus,
744 1091 803 1157 sed
824 1089 1035 1172 significatam
1059 1090 1208 1156 existimo

11 1271 12 1280 ρ
35 1274 40 1288 Ι
66 1193 101 1257 ab
116 1189 268 1274 Euripide
282 1189 317 1256 in
332 1189 471 1255 Helena:
493 1210 567 1256 nam
583 1209 666 1272 quae
686 1189 726 1257 de
743 1191 874 1258 Callisto
897 1191 964 1259 illic
985 1192 1210 1277 praedicantur

65 1291 141 1370 Διὸς
164 1291 186 1358 ἃ
206 1292 325 1373 λεχέων
345 1283 476 1373 daddus
489 1289 513 1375 ¹)
535 1289 762 1376 τετραβάμοσι
782 1297 890 1377 γυίοις
912 1313 983 1360 cum
1006 1312 1116 1360 eorum
1137 1313 1207 1359 nar·

66 1396 196 1478 ratione,
225 1393 280 1476 qui
310 1390 479 1478 gravidam
509 1392 630 1460 iaciunt
651 1413 672 1458 a
693 1394 800 1462 Diana
822 1414 1019 1478 conversam,
1043 1394 1209 1462 conciliari

65 1516 152 1582 aegre
171 1502 294 1563 tantum
317 1500 450 1578 possunt
471 1502 568 1577 atque
591 1495 673 1562 adeo
697 1515 769 1562 eam
783 1496 932 1564 videntur
954 1497 1095 1563 indicare
1117 1495 1207 1562 fabu-

65 1597 138 1683 lam,
160 1599 195 1665 in
218 1616 282 1679 qua
304 1595 538 1680 transfiguratio
561 1597 647 1664 lovis
670 1597 872 1665 concubitum
894 1599 1066 1666 subsecuta
1085 1598 1147 1681 ·sit;
1175 1597 1210 1663 id

64 1706 163 1766 autem
186 1698 256 1764 fieri
279 1719 342 1765 non
364 1698 468 1782 potuit
490 1698 550 1764 nisi
571 1705 627 1765 aut
648 1717 706 1782 per
722 1699 876 1766 Iunonem
899 1699 1042 1793 coniugis
1065 1699 1209 1783 vestigiis

65 1799 226 1868 instantem
244 1804 299 1866 aut
313 1820 373 1884 per
387 1801 498 1865 lovem
513 1798 618 1883 ipsum
637 1819 769 1866 uxorem
784 1800 895 1868 fallere
911 1809 1096 1884 conantem;
1118 1800 1209 1882 atqui

11 1939 12 1948 κ
64 1901 117 1968 hoo
140 1901 271 1985 quidem
287 1901 425 1968 vidimus
447 1907 520 1984 post
536 1899 767 1966 Callimachum
790 1901 918 1967 demum
941 1922 983 1967 ex
999 1885 1054 1968 lu's
1075 1901 1209 1967 historia

11 1989 12 2010 ²
64 2002 186 2071 subulae
200 2003 342 2084 illatum;
368 2022 453 2086 ergo,
472 2001 500 2066 si
516 2000 557 2068 de
572 2001 772 2069 emendando
788 2022 883 2068 versu
897 2001 1070 2086 Euripideo
1085 2021 1209 2069 mecum

11 2117 12 2184 ᾗ
63 2106 234 2187 consentis,
265 2109 365 2172 restat
387 2105 464 2170 Iuno
487 2103 629 2186 coniugis
651 2105 768 2169 sudum
789 2108 974 2189 persecuta,
1002 2103 1130 2186 qualem
1153 2100 1209 2194 ad·

11 2199 13 2288 l
63 2206 161 2275 hibuit
188 2204 422 2288 Callimachus,
452 2223 635 2287 quanquam
663 2203 731 2288 hic,
761 2205 837 2286 quia
865 2224 935 2271 cum
965 2211 1075 2290 erepta
1102 2204 1209 2288 specie

11 2293 13 2360 Ι
64 2306 199 2376 humana
213 2326 323 2372 necem
341 2305 514 2386 coniunxit,
536 2307 630 2372 deam
652 2326 715 2372 non
737 2307 890 2389 protinus,
913 2307 972 2372 sed
993 2306 1132 2373 instante
1154 2304 1207 2372 de·

11 2365 13 2456 l
64 2429 142 2476 mum
166 2412 261 2492 partu
283 2403 443 2472 aemulam
465 2404 672 2470 ulciscentem
692 2404 828 2472 induxit.

11 2459 13 2582 i
142 2506 211 2575 Sed
227 2513 387 2586 utcunque
402 2503 442 2571 de
457 2504 514 2571 illo
529 2524 625 2571 versu
639 2503 771 2589 iudicas,
792 2505 923 2572 dubium
940 2525 1010 2572 esse
1025 2501 1081 2573 'vix
1094 2511 1208 2590 potest,

11 2623 12 2630 ’
64 2613 131 2692 quin
148 2605 304 2692 simplicis
319 2605 448 2672 fabulae
463 2605 515 2672 hic
530 2605 733 2690 agnoscenda
748 2607 789 2673 sit
802 2607 919 2690 forma
934 2609 1038 2682 tertio,
1059 2606 1209 2690 quoniam

11 2741 13 2788 3
63 2709 94 2796 is,
116 2711 173 2794 qui
194 2707 236 2775 de
252 2727 287 2775 se
302 2707 371 2793 ipse
386 2707 588 2792 profiteretur
603 2699 793 2793 ἀμάρτυρον
809 2701 904 2776 οὐδὲν
920 2702 1022 2776 ἀείδω
1038 2709 1110 2796 (frg.
1123 2709 1209 2794 442),

64 2833 120 2881 non
135 2811 257 2897 primus
272 2809 401 2876 omnino
417 2807 568 2876 Callistus
583 2809 712 2876 fabulae
727 2810 842 2878 iratam
856 2812 1011 2879 lunonem
1034 2810 1209 2880 credendus

11 2903 12 2990 J
65 2918 106 2979 est
126 2911 285 3004 intulisse,
308 2909 366 2976 sed
388 2911 551 2995 accepisse
574 2930 595 2975 a
615 2911 784 2995 prioribus.
821 2912 870 2978 Ac
886 2913 990 2997 potuit
1011 2912 1092 2979 haec
1106 2913 1209 2978 forma

11 2999 12 3090 f
64 3033 160 3098 aeque
184 3034 221 3081 ac
244 3010 385 3078 secunda
407 3031 449 3077 ex
470 3011 575 3094 prima
595 3010 749 3078 facillime
770 3011 861 3095 oriri,
888 3013 965 3093 quin
988 3012 1084 3079 etiam
1106 3031 1208 3094 paene

11 3105 12 3120 ¹
64 3129 187 3180 neeesse
211 3119 280 3178 erat
302 3117 459 3194 oreretur,
488 3117 656 3195 postquam
679 3131 737 3195 per
760 3118 938 3195 temporum
960 3111 1048 3178 vices
1075 3111 1209 3197 pristina

64 3211 187 3282 fabulae
202 3214 252 3281 vis
274 3213 307 3279 in
326 3213 520 3280 oblivionem
542 3213 682 3279 adducta
704 3220 752 3279 est
774 3212 983 3294 hominesque
1005 3232 1055 3279 res
1077 3211 1209 3280 deorum

64 3316 161 3397 magis
176 3315 344 3397 magisque
359 3314 403 3381 ad
421 3335 480 3381 sua
495 3315 643 3398 exempla
658 3312 879 3381 detrahebant.
912 3314 996 3381 Nam
1012 3315 1083 3398 quis
1098 3315 1208 3402 nescit,
1334 3373 1342 3394 ,

66 3423 255 3500 quantopere
270 3416 304 3481 in
319 3415 442 3504 deliciis
457 3415 627 3485 habuerint
641 3417 794 3484 lunonem
810 3414 843 3481 in
856 3416 942 3483 lovis
958 3437 1083 3485 amores
1103 3419 1207 3485 furen-

66 3519 124 3584 tem
145 3515 339 3602 posteriores
358 3518 583 3601 potissimum?
621 3517 687 3584 Sed
709 3518 774 3583 iarn
796 3517 838 3583 ad
861 3519 981 3602 priores
1003 3525 1054 3586 sat
1075 3537 1208 3602 magnus

66 3615 142 3684 redit
169 3618 351 3686 fabularum
381 3639 546 3704 numerus,
575 3638 659 3702 quae
686 3620 768 3686 hanc
792 3619 871 3686 deae
893 3620 1034 3704 speciem
1064 3620 1207 3688 offerant.

66 3713 173 3801 Neque
195 3720 292 3803 igitur
314 3719 428 3786 mirum
451 3721 510 3803 sit,
538 3721 567 3786 si
588 3721 653 3787 iam
675 3721 839 3804 superiore
867 3725 974 3789 aetate
1000 3721 1035 3812 in
1058 3721 1208 3787 Callistus

64 3814 169 3886 tabula
183 3821 310 3888 Dianae
324 3827 432 3905 partes
447 3820 481 3887 in
495 3822 648 3888 lunonem
664 3821 837 3888 translatae
852 3823 924 3906 sint,
948 3822 1034 3904 quod
1056 3829 1091 3888 ut
1108 3821 1207 3903 fieret,

69 3917 264 3933 Q.—

147 3957 171 4019 1)
199 3947 313 4025 ἆπέβας
340 3953 513 4009 scribendum
541 3968 600 4009 esse
626 3968 676 4022 pro
706 3953 829 4009 codicum
857 3954 971 4010 lectione
996 3951 1103 4026 ἐπέβας
1127 3969 1209 4025 supra

65 4045 88 4098 p.
101 4037 147 4090 253
157 4052 215 4108 sqq.
233 4037 351 4108 probare
369 4035 469 4093 studui.
