2988 4728
248 251 310 322 314
685 248 855 304 Reinholdus
872 247 961 303 Franz

250 441 326 488 nere
338 426 519 488 commenta
528 421 772 488 Eratosthenica
784 420 816 502 ii,
830 421 883 502 qui
895 420 1119 505 genealogiam
1132 425 1324 504 spectarent,
1337 439 1418 501 ergo

250 532 325 588 ante
335 543 443 588 omnes
454 525 487 607 ii,
500 523 555 606 qui
566 522 756 608 compendio
763 523 928 588 historiam
940 522 1120 589 fabularem
1129 520 1417 606 comprehendere.

335 626 378 691 At
399 625 499 692 nihilo
522 625 626 691 minus
655 632 687 691 et
712 625 846 691 istorum
872 624 985 690 notitia
1013 643 1152 708 ususque
1181 621 1269 708 apud
1298 631 1417 707 poetas

252 727 567 811 mythographosque
588 727 771 808 increbruit,
795 724 881 811 apud
901 726 1034 791 Latinos
1056 724 1147 807 ideo,
1171 724 1258 807 quod
1283 723 1417 788 Ovidius

252 849 291 894 ea
305 830 352 894 ita
366 829 497 912 recepit,
513 833 548 893 ut
561 847 718 893 summam
733 828 861 909 amplae
876 847 953 894 suae
968 827 1143 893 narrationi
1157 828 1333 906 intexeret3
1356 826 1417 892 sed

252 932 333 996 hanc
348 931 451 1015 ipsam
467 929 508 995 oh
524 948 654 995 causam
669 949 687 994 e
703 929 916 996 Romanorum
930 928 1047 995 litteris
1062 929 1216 1013 perpauci
1231 929 1326 995 citari
1341 949 1416 1013 pos-

252 1038 325 1096 sunt
335 1040 491 1114 auctores,
503 1051 583 1115 quos
595 1037 679 1098 certo
692 1031 780 1098 dicas
791 1031 1035 1097 Eratosthenem
1051 1031 1167 1114 ipsum,
1183 1050 1247 1096 non
1260 1029 1416 1098 Ovidium

252 1140 326 1199 ante
342 1135 452 1200 oeulos
466 1133 626 1200 habuisse.
664 1133 773 1198 Primo
787 1134 858 1200 loco
873 1133 897 1197 ii
915 1132 1103 1199 nominandi
1119 1138 1202 1210 sunt,
1226 1150 1319 1216 quos,
1343 1153 1417 1198 eum

253 1235 329 1302 data
351 1255 449 1319 opera
467 1235 512 1300 'de
535 1234 694 1302 sideribus
717 1235 901 1319 seriberent,
925 1233 1148 1301 Eratosthenis
1171 1239 1227 1299 aut
1249 1234 1416 1318 Catalogis

253 1344 309 1403 aut
330 1337 565 1404 Catasterismis
588 1356 662 1404 usos
686 1357 757 1404 esse
778 1337 898 1403 Robert
921 1335 1071 1418 ostendit,
1097 1334 1251 1418 Nr‘pidior
1274 1335 1416 1419 Epulas,

256 1437 476 1510 Germanicos,
502 1435 685 1501 Germanici
705 1441 910 1522 interpretes,
933 1439 1087 1514 Auienus,
1122 1455 1257 1519 quorum
1281 1459 1415 1505 numero

254 1538 441 1605 adiciendus
457 1537 582 1606 videtur
594 1541 692 1605 etiam
707 1539 762 1622 qui
773 1540 924 1603 Manilius
940 1539 1053 1606 audire
1069 1540 1153 1605 solet
1168 1540 1417 1608 Astronomieon

254 1649 375 1723 auctor,
391 1646 500 1724 utpote
516 1641 572 1724 qui
583 1642 615 1707 lI
627 1646 667 1707 26
679 1661 750 1724 sqq.
766 1642 884 1709 multos
899 1649 1067 1708 enumerat
1089 1641 1236 1706 homines
1260 1642 1417 1709 animalia

255 1763 305 1810 res
327 1743 423 1810 astris
444 1743 614 1810 nobilitata
626 1738 827 1829 ‘raptamque
843 1745 1031 1828 Lycaone
1053 1735 1199 1808 natam'
1226 1744 1311 1810 inter
1334 1744 1416 1810 haec

255 1850 481 1912 commemoret
514 1849 546 1909 et
571 1845 619 1911 ΙΙΙ
642 1849 703 1909 359
733 1844 833 1930 fingat
862 1845 1003 1928 aliquem
1030 1840 1146 1929 tprona
1177 1846 1417 1928 Lycaoniae

254 1952 451 2033 spectantem
481 1946 625 2014 membra
652 1938 842 2031 puellae'.
888 1946 954 2012 Sed
982 1954 1110 2032 praeter
1136 1946 1195 2012 hos
1219 1946 1252 2011 in
1284 1967 1417 2014 censum

255 2050 383 2116 omnino
405 2050 427 2114 ii
451 2055 572 2114 tautum
594 2049 742 2132 veniunt,
772 2049 827 2132 qui
849 2047 966 2114 Ovidio
995 2054 1103 2115 aetate
1126 2049 1309 2135 superiores
1332 2057 1415 2134 sunt.

256 2153 342 2216 Inter
372 2168 452 2232 quos
473 2155 582 2214 tamen
604 2151 660 2216 vix
686 2170 767 2216 unus
797 2151 919 2216 alterve
946 2150 1097 2217 Callistus
1120 2152 1265 2217 fabulam
1294 2154 1416 2236 tetigit:

256 2253 292 2317 ln
315 2250 434 2318 (lemae
456 2251 627 2317 Berenices
649 2251 736 2336 apud
761 2249 913 2315 Catullum
936 2252 1039 2318 LXVI
1064 2256 1104 2317 66
1114 2270 1184 2335 sqq.
1207 2254 1319 2321 verbis

409 2389 450 2398 -
474 2389 511 2398 —
537 2353 693 2420 Calisto
715 2354 1115 2438 iunctaLyoaoniae1)

409 2459 515 2522 vertor
535 2456 568 2519 in
591 2475 749 2539 occasum,
771 2455 898 2522 tardum
921 2457 987 2521 dux
1008 2461 1082 2521 ante
1105 2456 1237 2538 Booten,

460 2557 515 2639 qui
538 2557 592 2621 vix
614 2577 685 2625 sero
708 2560 774 2624 alto
796 2559 948 2642 mergitur
970 2577 1091 2625 oceano

258 2657 490 2724 Callimachum
512 2657 623 2723 audire
639 2659 731 2725 nobis
746 2659 899 2724 videmur.
937 2661 1107 2742 Incertum,
1131 2658 1172 2724 de
1191 2665 1264 2725 utra
1286 2660 1418 2727 fabulae

256 2757 358 2824 forma
380 2757 569 2837 cogitaverit
597 2758 753 2840 Vergilius
773 2759 806 2822 in
825 2758 939 2842 Georg.
955 2762 972 2825 Ι
990 2763 1106 2843 137sq.
1129 2760 1222 2826 initia
1245 2763 1336 2828 Iovis
1359 2764 1416 2828 im-

257 2857 336 2942 perii
358 2858 558 2926 describens:

384 2960 508 3029 Navita
526 2968 593 3027 tum
615 2961 717 3028 stellis
740 2981 887 3028 numeros
911 2968 942 3028 et
964 2963 1094 3030 nomina
1116 2963 1191 3029 fecit

387 3063 540 3130 Pleiadas
563 3063 698 3148 Hyadas
722 3064 906 3146 claramque
929 3066 1129 3150 Lycaonis
1151 3066 1315 3132 Arcton.

258 3164 324 3232 Sed
346 3165 565 3231 Eratosthenis
588 3165 744 3242 narratio,
768 3167 795 3230 si
825 3166 925 3230 verba
950 3185 1095 3251 premere
1121 3166 1212 3250 licet,
1241 3167 1417 3252 Propertio

258 3265 429 3330 obversata
457 3273 521 3349 est,
548 3288 619 3333 cum
642 3267 793 3333 affectam
821 3287 910 3333 suam
938 3268 1081 3351 puellam
1109 3269 1265 3354 exemplis
1294 3271 1419 3337 solatur

260 3385 386 3449 earum,
415 3367 530 3448 quihus
560 3368 646 3434 vitae
679 3369 822 3453 pericula
849 3389 1008 3435 summum
1035 3370 1187 3437 honorem
1215 3373 1418 3456 paraverint5

258 3488 297 3533 ae
313 3467 567 3533 commemoratis
581 3469 617 3535 Io
633 3471 689 3536 Ino
701 3470 907 3537 Andromeda
921 3471 967 3537 sio
983 3473 1087 3556 pergit
1099 3473 1193 3556 1128,
1205 3476 1245 3536 23
1260 3476 1419 3553 (Baehr.):

324 3567 498 3635 Call-isto
522 3570 718 3638 Arcadios
741 3580 956 3639 erraverat
976 3593 1070 3639 ursa
1092 3595 1162 3659 per
1183 3581 1359 3656 agros²):

386 3670 487 3736 haee
509 3676 706 3737 nocturna
728 3693 798 3739 suo
820 3665 955 3739 sidere
978 3675 1074 3742 vela
1095 3675 1208 3758 regit.

345 3826 368 3887 l)
386 3822 420 3874 ln
438 3819 538 3874 codic:
553 3813 671 3876 ‘Calixto
689 3822 766 3876 iuxta
783 3816 939 3892 Lycaonia'.

255 3989 292 4042 hd
345 3909 370 3971 2)
389 3905 527 3958 simillime
545 3905 620 3961 Ovid.
639 3907 667 3960 in
685 3907 761 3961 Fast.
779 3907 806 3961 II
826 3912 871 3963 181
893 3904 976 3962 ‘Ursa
992 3924 1043 3978 per
1064 3910 1181 3965 incultos
1205 3912 1316 3965 errabat
1333 3926 1419 3982 squa-

266 3988 273 4002 '
293 4003 310 4042 a
327 3980 450 4044 montes.'
