2958 4734
248 294 311 352 294
685 289 854 346 Reinhcldus
870 287 960 344 Franz

248 483 334 529 eam
355 463 394 540 in
417 483 546 530 ursam
569 458 805 543 convertiti)
828 464 867 526 et
888 447 1066 541 Dianae,
1089 476 1204 540 quam
1226 457 1404 525 venandi

155 610 159 616 -
247 564 354 633 forte
381 564 559 632 studium
587 564 750 630 obviam
784 562 930 642 terret,
964 560 1124 627 insciae
1155 559 1405 627 monstravit
1468 569 1469 602 ὲ

248 666 487 748 adhortata,
520 673 561 731 ut
590 684 704 747 quam
732 682 859 747 prope
888 667 1075 727 cerneret
1109 660 1286 727 bestiam
1322 661 1404 728 telo

248 765 456 852 peteretki.
493 767 709 848 Postquam
731 771 860 831 autem
883 761 979 828 haec
1001 767 1114 828 certa
1136 759 1236 828 deae
1257 763 1406 846 sagitta

248 867 453 934 transfixa
475 867 646 933 animam
669 862 884 948 efflavit1),
906 863 953 929 ab
972 865 1067 929 love
1090 861 1237 928 missus
1260 862 1405 930 aderat

248 965 534 1051 Mercuriusm),
564 967 632 1047 qui
655 988 673 1034 e
695 972 876 1033 mortuae
906 971 1022 1030 utero
1051 963 1247 1030 infantem
1270 965 1403 1049 cripe·

249 1068 513 1155 seruatque,
544 1075 586 1134 ut
615 1068 655 1134 in
675 1066 854 1135 Arcadia
875 1065 1137 1146 educaretur,
1165 1083 1261 1131 suae
1284 1067 1405 1133 matri
1469 1077 1470 1118 t

248 1172 377 1238 ferret
406 1169 571 1251 illaiac⁰)
604 1167 662 1252 (in
691 1175 848 1237 antrum
878 1165 1133 1251 Cyllcnium).
1182 1166 1335 1235 Nomen
1368 1169 1405 1235 ei

248 1281 364 1359 pater
385 1271 541 1338 indidit
559 1269 759 1353 Arcadis),
782 1269 968 1352 quoniam
992 1273 1120 1334 mater
1141 1267 1228 1333 eius
1252 1262 1405 1355 ἄρκτος

248 1372 432 1457 fuerat‘l);
457 1373 525 1455 qui
546 1378 686 1438 auctor
702 1371 836 1437 factus
859 1373 918 1435 est
938 1368 1121 1435 nationis
1149 1369 1404 1454 nominisque
1437 1443 1442 1456 ,

248 1473 479 1556 Arcadum).
518 1473 693 1541 Callisto
715 1475 845 1537 autem
867 1470 1010 1554 ipsam,
1034 1478 1221 1552 quaerat
1245 1472 1405 1540 bestiae

248 1577 399 1659 figura,
428 1574 478 1640 ad
500 1576 655 1643 caelum
684 1572 891 1640 sublatam
912 1571 1110 1655 primam⁸)
1136 1570 1244 1639 inter
1265 1571 1405 1639 sidera

249 1674 470 1742 collocavit
491 1676 646 1744 nomine
668 1674 918 1761 appellatam
940 1670 1100 1756 Ursaei)
1124 1673 1340 1759 maiorisr).

248 1827 324 1894 Quae
341 1841 358 1882 a
375 1826 540 1881 callimacho
559 1840 591 1880 eo
609 1829 716 1880 tantum
734 1824 901 1892 discrepant,
925 1823 998 1891 quod
1015 1822 1067 1889 hic,
1086 1823 1109 1877 si
1128 1823 1192 1891 quid
1214 1823 1314 1880 tribuis
1333 1825 1405 1879 Pau-

247 1912 341 1966 saniae
359 1910 445 1965 verbis
459 1900 534 1983 Ἥρα
552 1909 590 1976 δέ,
608 1904 648 1975 ὥς
664 1904 830 1981 ἐφώρασεν,
852 1905 988 1978 ἐποίησεν
1006 1903 1116 1976 ἄρκτον
1133 1903 1184 1977 τὴν
1203 1904 1355 1964 Καλλιστὼ
1379 1914 1407 1962 et

249 1995 411 2052 scholiastae
423 1995 503 2051 Hom.
516 1991 671 2065 ἐπιγνοῦσα
689 1992 719 2050 δὲ
736 1987 753 2063 ἡ
772 1988 843 2058 θεὸς
858 1990 1017 2062 μετέβαλεν
1034 1983 1130 2062 αι’-τήν,
1146 1990 1253 2045 induxit
1263 1991 1405 2058 Iunonem,
1471 2057 1472 2070 ρ

250 2079 297 2133 nbi
315 2078 432 2149 primum
449 2078 567 2148 puellam
579 2093 612 2132 ex
624 2078 688 2131 Ioue
698 2076 837 2145 gravidam
849 2073 1002 2144 conspexit,
1021 2077 1079 2130 sine
1096 2090 1172 2130 mora
1188 2074 1248 2128 iura
1260 2091 1313 2131 sua
1330 2077 1407 2132 laesa
1471 2145 1472 2150 η

249 2164 380 2219 acerrime
397 2163 580 2218 ulciscentem.
598 2175 605 2188 ·

333 2248 353 2312 it
371 2245 457 2302 schol.
468 2245 547 2301 Hom.
557 2245 638 2302 Paur.
650 2245 717 2314 Hyg.
727 2243 764 2297 H.
849 2243 879 2305 kt
895 2241 980 2297 schol.
993 2242 1072 2296 Hom.
1082 2243 1164 2298 Paos.
1175 2243 1265 2312 Apoll.
1275 2245 1347 2315 Hyg.
1356 2246 1407 2302 111.

334 2331 352 2396 l)
369 2329 496 2400 Apollod.
843 2330 879 2393 m)
896 2326 977 2381 Paos.
996 2326 1092 2382 Liban.
1273 2334 1302 2394 n)
1320 2331 1404 2387 Paus.

334 2421 361 2482 ο)
378 2415 514 2486 Apollod,
532 2415 630 2484 dequo
644 2413 718 2484 etp.
732 2416 791 2468 281.
812 2411 979 2467 Mercurium
990 2415 1087 2467 auctor
1098 2411 1284 2468 Bibliothecae
1297 2415 1407 2470 demum

250 2501 345 2556 sireis
369 2515 448 2569 quem
464 2500 509 2556 hic
527 2500 670 2568 exscripsit
693 2498 796 2565 omisit,
819 2513 874 2552 non
897 2495 1074 2550 recentiorem
1097 2497 1143 2564 qui
1167 2497 1288 2553 condidit
1309 2515 1406 2554 narra·
1472 2537 1473 2574 ρ

250 2587 364 2653 tionem3
385 2585 454 2639 alter
472 2585 543 2638 enim
560 2583 642 2638 huius
658 2584 735 2637 tastis
753 2581 884 2636 Libanlns
902 2596 964 2635 eum
980 2581 1100 2636 retinuit.
1472 2587 1473 2590 ’

334 2671 362 2736 p)
381 2667 506 2734 Apollod.
525 2667 622 2721 Liban.
641 2666 724 2735 Apud
745 2665 909 2718 Pausaniam
926 2664 954 2717 in
976 2664 1107 2733 proximis
1125 2667 1204 2735 pueri
1227 2682 1327 2722 nornen
1350 2684 1407 2724 una

250 2768 311 2806 cum
329 2753 443 2806 historia
460 2751 586 2818 affertur3
609 2752 701 2804 tacent
716 2750 750 2804 de
767 2764 800 2802 eo
818 2747 903 2804 schol.
921 2748 1015 2814 Hom,
1039 2751 1103 2820 quia
1120 2751 1156 2805 ad
1172 2765 1288 2814 versum,
1304 2752 1334 2807 in
1350 2769 1406 2824 quo

250 2837 284 2892 de
301 2837 372 2892 Ursa
394 2835 462 2891 caeli
484 2849 573 2889 sermo
594 2838 650 2899 est,
672 2832 862 2888 illustrandum
886 2833 1001 2900 Arcadis
1023 2835 1124 2891 mentio
1147 2851 1202 2890 non
1225 2837 1311 2904 magis
1335 2852 1405 2907 opus

249 2926 310 2977 erat
327 2935 407 2990 quam
423 2920 452 2975 in
470 2920 552 2976 simin
569 2919 681 2976 consilio
699 2918 772 2987 apud
789 2917 933 2988 Hyginum.

334 3011 360 3078 q)
382 3007 470 3072 Haec,
494 3005 614 3073 quamuis
632 3003 802 3068 dubitanter,
826 3001 992 3058 Callimacho
1009 3004 1128 3071 asserui,
1151 3006 1192 3060 sic
1210 3007 1406 3065 ratiocinatus:

247 3094 319 3149 Ister
336 3091 541 3157 callimachens,
558 3094 590 3144 nt
607 3089 763 3159 Stephanus
780 3086 928 3158 Byzantius
945 3086 974 3139 in
991 3104 1016 3142 ι.
1039 3081 1170 3161 Ἀρκαδία
1194 3091 1291 3156 refert,
1314 3095 1405 3148 Arca-

249 3179 308 3232 dem
321 3177 430 3247 scripsit
441 3171 485 3233 διᾶ
498 3173 550 3247 τὴν
561 3180 611 3248 τῆς
622 3169 732 3248 μητρὸς
744 3164 945 3244 deceptuose
957 3167 1064 3248 (ἄρκτῳ
1075 3169 1132 3247 γὰρ
1143 3167 1197 3240 ὑφ’
1207 3163 1299 3246 Ἥρας
1316 3169 1407 3248 αὐτὴν

250 3255 452 3329 ὃμοιαοθῆναι)
480 3257 584 3331 ταύτης
611 3268 706 3331 τυχεῖν
734 3261 783 3328 τῆς
811 3258 1015 3329 προσηγορίας.
1056 3257 1157 3312 Forma
1183 3259 1267 3326 igitur
1293 3260 1405 3316 fabulae

249 3345 329 3398 nixus
343 3348 386 3397 est
397 3343 585 3411 Callimachea‚
603 3338 756 3414 quanquam
767 3343 874 3413 puellae
885 3356 984 3396 nomen
996 3358 1050 3398 non
1063 3342 1185 3412 Callisto,
1203 3343 1251 3398 sed
1263 3343 1406 3400 Themisto

249 3425 409 3484 essevoluit.
428 3426 505 3481 Unde
514 3432 603 3480 autem
613 3429 729 3497 sumpsit
739 3427 867 3493 fabrdam,
877 3426 995 3480 indidem
1004 3427 1130 3496 petivisse
1139 3427 1313 3498 credipotest
1322 3429 1406 3485 etiam

248 3511 432 3580 veriloquium.
454 3510 539 3580 Atqui
550 3510 854 3568 calimchumscimus
865 3509 997 3567 eiusmodi
1008 3511 1145 3565 nominum
1162 3511 1267 3568 lusibus
1285 3513 1405 3570 deleme

248 3606 305 3653 tum
315 3611 374 3654 esse
386 3595 432 3665 (cf.
443 3594 561 3665 Dilthey,
573 3594 615 3650 De
624 3595 726 3652 callim.
737 3595 802 3666 Cyd.
815 3611 843 3666 p.
855 3599 905 3664 38).
929 3595 1003 3664 Ergo
1013 3596 1069 3651 ueri
1077 3595 1164 3650 simile
1172 3595 1226 3650 iam
1237 3597 1313 3651 hunc
1321 3597 1405 3654 istam
1432 3621 1438 3638 ·

248 3683 365 3738 nominis
384 3679 590 3750 explicationem
607 3680 715 3735 minime
731 3681 898 3737 reconditam
911 3679 1023 3747 dedisse,
1040 3681 1200 3751 praesertim
1213 3696 1274 3736 cum
1286 3681 1333 3736 vix
1344 3681 1407 3738 fieri

248 3772 348 3836 posset,
367 3766 432 3835 quin
450 3765 524 3820 docti
542 3768 639 3835 poetae
656 3767 773 3822 animum
791 3765 913 3835 quaestio
932 3764 1047 3831 subiret,
1073 3781 1121 3820 cur
1138 3764 1246 3820 tandem
1268 3757 1408 3836 Ἀρκάδος

249 3855 320 3905 esset
338 3864 436 3905 nomen
454 3864 537 3918 puero
555 3850 679 3907 inditum.

334 3939 358 4002 r)
374 3935 471 3990 liban.
813 3938 836 4001 s)
855 3934 940 3990 schol.
957 3933 1037 3991 Hom.

334 4023 355 4087 t)
373 4034 472 4074 omnes.
809 4024 838 4084 ιι)
855 4019 936 4074 Paua.
954 4017 1023 4088 Hpq.
1041 4018 1077 4072 11.
1095 4017 1145 4072 ΙΙΙ.
