2988 4728
498 277 804 358 decurionatus.
1182 309 1244 371 351

88 475 195 536 autem
207 466 421 552 Vergiliarum
437 470 535 536 sideri
546 471 718 556 contigisse
735 475 885 544 discimus
897 498 938 548 ex
952 479 1107 564 frustulis,
1123 481 1243 568 quippo

20 599 21 604 ¹
87 571 178 638 cuius
201 570 375 636 memoriae
397 592 475 656 prae
488 573 602 639 ceteris
625 575 751 643 fortuna
773 577 897 663 faverit,
920 579 1007 647 idem
1031 579 1072 646 de
1094 581 1141 646 eis
1164 603 1242 665 quo·

20 617 22 718 i
89 692 161 757 que,
185 692 268 757 quae
290 678 460 756 praeterea
481 672 676 741 haberentur
697 677 791 762 signa
812 679 1012 767 principalia,
1034 682 1153 750 factum
1171 704 1242 754 esso

87 783 143 842 tuo
171 774 240 841 iure
269 773 428 858 conicias,
458 793 640 859 quanquam
670 795 754 859 quae
780 780 821 849 de
844 784 957 850 ceteris
981 792 1129 853 enarrata
1151 796 1242 854 crant

86 898 159 943 cum
181 875 308 961 penitus
331 874 509 942 interierint
534 875 678 962 exceptis
693 881 805 963 paucis
822 882 863 948 de
879 884 1048 969 Hyadihus
1064 889 1240 973 versiculis,

85 977 163 1043 inde
185 977 365 1043 sententiae
386 976 467 1044 fides
489 977 556 1046 fieri
580 979 749 1048 manifesta
770 985 889 1067 nequit.

170 1081 214 1144 At
242 1085 326 1145 certe
355 1078 554 1162 illinemus,
585 1082 640 1163 qui
667 1089 734 1149 tota
764 1105 805 1150 ex
833 1085 894 1152 hac
919 1093 1010 1171 parte
1033 1090 1076 1155 ad
1098 1111 1156 1158 uos
1179 1093 1240 1160 soli

86 1184 316 1266 pervenerunt,
341 1180 383 1246 ab
405 1180 534 1248 interitu
556 1184 676 1249 servati
699 1183 847 1266 diligenti
869 1187 1051 1257 testimonio
1073 1193 1172 1258 schol.
1196 1195 1240 1259 ud

18 1363 20 1380 .
85 1282 176 1350 Arati
199 1281 318 1347 Phaen.
336 1285 399 1346 254
422 1287 454 1350 st
480 1287 554 1366 172,
585 1304 656 1351 cum
678 1284 845 1368 Hyadas
866 1287 1027 1372 nymphas
1049 1293 1240 1375 perhibeant

85 1391 117 1450 et
145 1383 326 1450 nominihus
355 1384 535 1468 appellent,
570 1384 652 1451 bene
680 1385 873 1455 conveniunt
901 1409 971 1456 curn
1000 1390 1091 1461 initio
1120 1393 1237 1463 descri-

84 1485 203 1568 ptionis
225 1485 403 1553 Pleiadum.
447 1487 530 1554 Sunt
552 1492 659 1553 autem
681 1487 716 1553 hi
738 1488 898 1574 (irg.14):

18 1583 20 1708 y
550 1586 679 1676 νύμφαι
700 1595 907 1675 Χαρίτεσσιν
929 1583 1047 1676 ὅμοιαι

17 1773 18 1784 ¹
208 1686 360 1776 Φαισύλη
383 1680 442 1773 ἠδὲ
465 1687 617 1772 Κόρωνις
640 1688 845 1777 ἐυστέφανός
866 1716 902 1756 τε
924 1694 1047 1758 Κλέεια

17 1797 19 1834 l
207 1789 304 1858 Φαιώ
328 1783 368 1854 θ’
396 1789 575 1873 ἱμερόεσσα
598 1783 645 1855 id'
671 1783 809 1878 Εὐδώρη
833 1790 1056 1872 τανύπεπλος,

17 1835 19 1948 i
204 1893 244 1971 ἃς
263 1890 381 1969 Ὑάδας
403 1893 578 1957 καλέουσιν
602 1889 659 1957 ἐπὶ
679 1894 781 1973 χθονὶ
804 1886 884 1977 φῦλ’
912 1887 1115 1981 ἀνθρώπων.

82 1997 132 2065 De
155 1996 306 2082 Hyadum
329 2001 362 2063 et
384 2014 515 2062 numero
539 2001 571 2061 et
592 1993 703 2060 fabula
725 1995 896 2079 scriptores
917 2016 1074 2080 perquam
1097 1997 1236 2064 variant:

81 2117 233 2165 numerus
254 2097 338 2165 enim
361 2117 381 2164 a
404 2096 529 2164 duabus
550 2115 652 2180 usque
675 2096 718 2162 ad
739 2101 865 2181 septem
891 2097 1037 2165 ascendit
1060 2096 1113 2182 (cf.
1136 2097 1235 2165 schol.

80 2200 124 2265 ad
147 2197 238 2266 Arati
259 2199 317 2265 Ph.
338 2197 428 2282 172);
452 2198 493 2265 de
517 2198 657 2281 quinque
679 2218 811 2265 numero
834 2219 906 2266 cum
928 2200 1081 2268 hocloco
1104 2219 1236 2268 consen-

81 2303 164 2370 tiunt
179 2302 328 2368 Musaeus
351 2299 382 2364 in
398 2298 557 2366 Eratosth.
579 2300 707 2366 Καταλ.
730 2302 788 2385 frg.
805 2305 822 2366 3
846 2323 877 2385 p.
894 2305 933 2366 43
959 2301 1015 2384 (--
1031 2307 1179 2368 Κατασι.
1200 2308 1238 2366 14

78 2426 109 2491 p.
131 2404 206 2487 110)
227 2403 324 2485 Roh.,
347 2399 495 2485 Myrtilus
518 2400 762 2482 Methymnaeus
785 2402 844 2486 frg.
866 2406 885 2466 6
907 2402 1010 2485 (FHG
1033 2402 1078 2468 IV
1100 2424 1129 2485 p.
1146 2403 1235 2487 458),

81 2508 168 2590 Hyg.
184 2504 247 2571 fab.
267 2507 336 2586 182,
357 2503 412 2584 qui
428 2509 535 2567 tamen
551 2501 592 2567 de
609 2503 722 2568 ceteris
738 2503 938 2569 dissentiunt.
976 2504 1115 2570 Nomina
1130 2511 1237 2569 autem

81 2611 233 2690 quattuor
268 2603 382 2672 eadem
415 2609 514 2683 atque
545 2602 706 2670 Hesiodus
736 2605 790 2687 qui
823 2606 937 2686 fertur,
972 2604 1031 2673 sed
1063 2605 1152 2670 aliud
1180 2625 1237 2689 pro

79 2711 224 2785 Micelae
256 2707 384 2775 nominc
417 2710 449 2770 et
482 2703 546 2771 duo
580 2705 644 2772 aha
676 2705 806 2792 insuper
839 2706 937 2775 habet
965 2706 1170 2792 Pherecydes
1202 2708 1236 2773 in

80 2810 242 2878 Eratosth.
259 2809 387 2874 Καταλ.
402 2811 461 2888 frg.
475 2811 493 2871 3
508 2828 539 2892 p.
553 2811 593 2871 42
607 2806 663 2892 (·=
674 2814 824 2877 Καιοοτ.
840 2815 877 2875 14
892 2830 924 2895 p.
940 2809 1012 2893 106)
1023 2810 1104 2876 Rob.
1138 2809 1235 2889 Quin·

78 2923 147 2982 tum
169 2918 276 2979 tamen
297 2910 378 2976 illud
401 2908 488 2993 quod
509 2909 714 2996 Pherecydes
736 2934 800 2978 nou
827 2912 973 2994 agnoscit
1003 2930 1118 2977 nomen
1148 2916 1235 2976 certe

78 3014 221 3096 tangitur
243 3011 339 3080 simili
361 3010 473 3092 forma,
501 3029 584 3091 quae
608 3017 657 3077 est
679 3012 766 3095 apud
788 3011 883 3076 Diod.
907 3011 970 3076 Sic.
993 3011 1095 3089 V52,
1118 3011 1173 3075 ubi
1195 3031 1236 3077 ex

78 3117 257 3185 Naxiorum
269 3112 423 3182 memoria
433 3111 542 3178 Liberi
554 3111 702 3195 nutrices,
716 3111 829 3194 quales
841 3109 920 3175 alibi
932 3108 1079 3175 dicuntur
1091 3109 1233 3193 Hyades,

78 3217 286 3302 designantur
310 3213 462 3300 ἐγχώριοι
484 3209 612 3298 νύμφαι
637 3213 751 3292 Φιλία,
775 3215 937 3295 Κορωνίς,
960 3210 1129 3297 Κλείδῃ.
1171 3213 1233 3278 He-

77 3319 224 3387 siodeum
245 3318 342 3403 igitur
364 3335 492 3384 carmen
521 3315 554 3381 in
583 3316 644 3383 hac
672 3315 783 3381 fabula
812 3310 941 3396 propria
968 3317 1016 3379 est
1045 3311 1235 3382 auctoritate

79 3441 183 3506 neque
206 3420 346 3502 aliunde,
370 3423 523 3502 quantum
546 3418 674 3499 scimus,
696 3415 823 3499 pendet.

165 3524 277 3590 Restat
288 3541 385 3589 unum
398 3520 484 3605 quod
496 3520 579 3585 inter
593 3519 716 3585 incerta
727 3517 833 3584 adhuc
847 3522 1031 3584 numeratur
1045 3517 1158 3603 fragm.
1171 3522 1233 3583 226

80 3624 131 3691 ed.
143 3625 199 3691 Rz.
216 3644 268 3689 me
284 3622 389 3691 iudice
404 3624 467 3690 huc
480 3620 678 3687 trahendum.
707 3619 838 3687 Servius
854 3619 938 3686 euim
953 3619 996 3686 ad
1009 3621 1103 3703 Verg.
1117 3621 1233 3705 Georg.

77 3728 170 3791 1244
183 3745 231 3808 sq.

206 3827 364 3893 maximus
387 3824 440 3890 hic
461 3822 547 3888 flexu
569 3824 699 3890 sinuoso
723 3823 859 3890 elabitur
882 3824 995 3904 anguis

206 3929 324 3995 circum
346 3945 466 4012 perque
490 3922 573 3990 duas
594 3926 634 3992 in
656 3945 801 3992 morem
823 3925 1005 3992 fluminis
1027 3930 1132 3989 arctos

77 4030 224 4098 adnotat:
256 4024 436 4096 ‘Hesiodus
469 4029 647 4114 ποταμῷ
680 4025 887 4115 ῥκί>οντι
917 4015 1085 4099 ἐοικιός’,
1136 4024 1236 4106 Atqui
