2988 4728
516 275 558 330 De
578 275 704 330 Callistus
722 271 823 328 fabula.
1179 275 1241 334 343

80 446 186 512 baec:
209 444 394 530 [staulam
417 447 606 513 PAVLINA
622 443 748 531 Dledit)
771 441 1107 530 V(otum)S(01vens).
1144 447 1243 515 Litte-

81 567 195 613 rarum
217 549 330 631 forma,
352 548 380 614 si
395 549 558 616 Froohner
580 569 690 615 verum
707 544 798 629 vidit,
821 546 867 611 llI
885 545 1003 612 saeculi
1021 550 1167 614 exeuntis
1184 556 1241 616 est.

81 650 166 715 Cum
190 648 308 715 Ouidio
329 649 363 714 id
386 656 508 717 tantum
532 652 700 734 discrepat,
724 647 810 729 quod
831 667 851 712 a
872 648 972 713 latere
994 649 1111 716 ardens
1127 650 1241 717 eande-

81 751 214 818 labrum
236 751 268 814 in
293 753 442 819 columna
462 755 602 838 positum
621 758 747 818 noctem
763 747 935 834 significat5
959 751 992 816 in
1007 751 1135 818 Metam.
1147 753 1241 824 enirn

15 907 16 926 ,
81 853 223 920 Callisto
245 859 392 920 narratur
413 856 473 922 sub
497 856 638 922 medium
654 852 739 919 diem
754 853 840 919 lovis
859 852 933 918 dolo
949 852 1162 920 succubuisse.
1200 852 1243 917 At

15 1015 16 1054 ,
81 957 173 1022 enim
195 955 356 1022 tantillum
385 956 534 1024 licentiae
557 956 671 1024 artifici
700 976 793 1023 nemo
815 975 880 1020 non
909 954 1047 1021 libenter
1077 955 1240 1021 concedet.

642 1145 694 1210 VI.

174 1279 318 1346 Fabulae
347 1300 429 1364 quac
460 1280 639 1346 exstiterint
667 1281 789 1346 formae
817 1298 838 1344 a
865 1277 1042 1344 litterarum
1072 1279 1171 1345 initiis
1200 1280 1241 1344 ad

82 1380 271 1448 recentioris
293 1400 395 1463 usque
417 1383 491 1448 aevi
512 1381 640 1464 limina,
671 1380 819 1466 exposui:
840 1378 997 1463 reliquum
1021 1386 1084 1465 est,
1114 1386 1149 1447 ut
1170 1387 1238 1449 tan-

82 1502 183 1563 quam
204 1483 236 1548 in
259 1484 438 1568 appendice
461 1503 501 1550 ea
522 1484 633 1569 paucis
656 1484 858 1568 complectar,
882 1501 981 1564 quae,
1012 1502 1084 1548 cum
1106 1503 1239 1550 comme-

82 1583 233 1649 morandi
253 1585 358 1650 locum
381 1606 443 1651 non
466 1587 637 1670 haberem,
660 1592 734 1652 ante
757 1585 859 1653 omisi.
904 1586 951 1651 Ac
974 1585 1112 1667 primum
1136 1585 1241 1654 dicam

83 1685 125 1751 de
143 1685 272 1752 dissona
288 1685 427 1768 quadam
443 1688 572 1753 fabulae
587 1689 750 1769 memoria,
767 1686 883 1753 deinde
900 1686 940 1752 de
956 1686 1109 1754 Callistus
1123 1708 1240 1771 genea-

83 1788 193 1872 logiis,
216 1787 354 1870 denique
376 1809 479 1872 pauca
502 1790 637 1856 monebo
662 1790 703 1854 de
724 1789 855 1855 fabulae
876 1789 1148 1872 interpretatione.

631 1981 700 2053 §L

171 2114 222 2178 De
242 2113 320 2179 love
334 2112 470 2179 Arcadis
484 2120 576 2197 patre
591 2113 738 2180 omnibus
762 2119 908 2179 constare
930 2132 1028 2196 supra
1049 2113 1238 2179 invenimus

15 2229 16 2232 ’
82 2217 236 2281 Attamen
259 2214 314 2295 qui
336 2213 541 2281 dissentirent
562 2235 625 2282 non
647 2216 743 2299 plane
765 2213 905 2310 deluisse
928 2216 1037 2282 statim
1059 2216 1238 2301 apparebit,

15 2399 16 2408 ¹
171 2317 221 2390 Ex
243 2317 423 2384 coniectura
445 2322 550 2384 statuo
579 2317 740 2383 diversam
762 2316 804 2382 de
832 2323 925 2401 patre
954 2319 1139 2385 memoriam
1165 2318 1239 2384 sub-

83 2437 158 2484 esse
180 2417 212 2482 in
235 2418 343 2502 Apoll.
365 2418 449 2485 Bibl.
472 2418 521 2483 ΠΙ
537 2421 566 2501 8,
582 2422 612 2503 2,
629 2421 659 2501 3,
681 2417 737 2483 ubi
759 2418 901 2501 Iuppiter
924 2418 1059 2485 Callisto
1087 2419 1239 2486 fefellisse

82 2526 231 2586 narratur
253 2517 435 2599 εἰκασθείς,
458 2515 504 2594 ὡς
526 2518 586 2601 μὲν
609 2519 693 2585 ἔνιοι
717 2518 882 2603 λέγουσιν,
908 2511 1096 2602 Ἀρτέμιδι,
1127 2515 1173 2597 ὥς
1203 2520 1239 2585 dd

84 2622 179 2702 laroc,
200 2615 442 2686 Ἀπόλλωνι.
486 2621 587 2701 Quem
611 2621 654 2687 ad
676 2621 772 2687 finem
793 2621 937 2706 luppiter
956 2622 1098 2708 speciem
1114 2623 1238 2690 Dianae

81 2722 206 2804 induat,
228 2723 457 2808 intellegimus;
487 2743 582 2806 quem
606 2722 764 2790 adfinem
787 2723 961 2809 Apollinis,
988 2727 1156 2793 obscurum
1180 2733 1237 2793 est.

83 2827 199 2906 ltaque
215 2826 358 2892 conicere
373 2826 477 2892 audeo
493 2828 577 2893 hanc
592 2827 776 2894 memoriam
791 2827 838 2892 ita
852 2835 954 2894 ortam
967 2848 1047 2912 esse,
1064 2836 1099 2894 ut
1113 2830 1236 2914 mytho-

83 2927 226 3012 graphus
248 2927 366 3009 aliquis
387 2930 550 3010 vulgatam
572 2928 702 2994 fabulae
724 2928 873 3008 formam,
896 2948 961 3009 qua
981 2930 1137 3012 Iuppiter,
1167 2949 1239 2995 cum

84 3027 313 3113 reconditiora,
341 3050 405 3114 qua
428 3031 545 3114 Apollo
569 3029 703 3102 Callisto
730 3028 896 3111 subegisse
924 3032 1074 3112 ferretur,
1104 3051 1141 3095 eo
1165 3050 1238 3096 con·

84 3131 253 3214 cibaverit,
275 3137 308 3196 ut
329 3129 464 3215 fingeret
477 3133 587 3197 lovem
603 3130 762 3214 Apollinis
784 3129 917 3213 figuram
934 3129 1099 3195 mentitum
1122 3132 1238 3196 furtum

84 3237 298 3317 perpetrasse.
343 3232 446 3310 Quam
469 3233 682 3300 coniecturam
705 3253 763 3316 pro
786 3239 874 3298 certa
895 3232 1063 3313 haberem,
1086 3231 1148 3297 nisi
1171 3233 1239 3299 eius

84 3435 114 3488 in
135 3436 198 3490 cdn.
226 3434 404 3492 recentiorem
429 3435 544 3490 contulit
560 3434 695 3503 picturam
714 3432 841 3489 cassellis
860 3437 1051 3498 asservatam,
1063 3449 1117 3503 qua
1139 3433 1240 3488 Petrus

85 3519 194 3574 Paulus
205 3519 325 3585 Rotas,
344 3536 404 3574 cum
417 3519 530 3574 eundem
543 3519 670 3574 Callistus
683 3534 777 3574 casum
792 3522 1017 3588 repraesentaret,
1034 3519 1122 3574 Iovem
1135 3520 1240 3574 Dianae

86 3605 204 3673 speciem
227 3605 371 3659 mentitum
387 3604 458 3658 virili
480 3605 597 3675 quodam
618 3606 708 3659 colore
734 3604 881 3659 artificiose
907 3603 1054 3668 notaverit,
1082 3603 1130 3659 sed
1157 3604 1239 3657 etiam

86 3688 205 3758 aquilem
221 3689 323 3743 fulmen
340 3692 477 3757 gerentem
494 3689 631 3744 adiecerit.
661 3690 704 3744 Ab
723 3689 809 3744 amico
828 3689 895 3744 artis
912 3688 1014 3744 amanti
1032 3687 1131 3742 certior
1148 3687 1238 3741 lactus

87 3790 147 3828 snm
172 3774 272 3829 ibidem
294 3775 425 3829 asservari
449 3775 529 3830 etiam
550 3773 670 3830 Ioannis
695 3773 813 3830 Hauriat
833 3773 976 3829 Tiscbbcin
1001 3772 1135 3842 picturam
1157 3772 1186 3825 in
1210 3788 1239 3826 re

87 3874 149 3912 cum
172 3859 309 3928 prioribus
327 3862 517 3926 congruentem
543 3865 572 3914 et
593 3859 720 3927 alteram,
745 3873 800 3928 qua
822 3859 899 3915 Luca
924 3857 1065 3916 Cambiaso
1088 3857 1239 3911 Genucnsis

87 3947 114 4008 (a
133 3948 198 3998 1527
217 3946 309 4010 nutus)
327 3942 447 4009 Callisto,
466 3959 527 3999 cum
545 3959 635 3999 coram
653 3945 778 4015 nymphis
796 3944 914 3999 aDiana
931 3941 1139 4013 deprehenditur
1156 3947 1238 3995 tenre-

87 4034 156 4095 rata,
174 4028 261 4082 oculis
277 4028 427 4102 proposuit.
