2988 4728
493 312 534 368 De
553 312 680 368 Callistus
697 313 799 367 tabula.
1074 367 1079 376 .
1160 315 1220 375 327

81 506 219 571 numero,
243 485 297 568 qui
319 487 379 552 sub
402 484 499 551 finem
520 485 642 552 liberae
669 486 864 569 reipublicae
893 484 1082 554 exstiterunt
1104 489 1222 572 quique

26 625 27 652 r
82 587 256 656 adicerone
271 587 428 654 inridente
444 594 590 654 cantores
602 588 816 672 Euphorionis
828 580 1067 655 vocitabantur?
1102 591 1223 658 Poetae

81 709 186 756 nomen
215 689 317 755 latere
347 688 510 755 existimat
538 689 572 755 in
597 680 785 772 ‘versibus',
814 708 884 756 cum
914 688 947 754 in
965 682 1126 757 ‘Creticis'
1159 713 1223 760 non

26 793 27 806 ¹
81 790 223 874 offendat,
246 789 303 856 sed
326 791 485 874 syllogam
513 792 545 856 in
570 790 616 857 eis
642 794 797 872 agnoscat
818 790 999 858 fabularum
1029 791 1072 857 ad
1095 791 1223 861 Cretam

81 893 305 975 pertinentium,
329 911 424 974 quam
448 893 554 959 nescio
577 893 648 976 quis
664 892 781 959 Catulli
803 893 949 974 aequalis
969 893 1222 961 Alexandrinum

81 993 212 1076 aliquem
233 1000 363 1079 poetam
393 975 521 1062 secutus
550 994 771 1077 composuerit.
816 995 897 1061 Rob.
920 996 1030 1079 Unger
1057 996 1090 1063 in
1116 1017 1222 1082 progr.

25 1109 26 1190 ξ
81 1096 255 1163 Priedland.
276 1099 353 1161 1861
380 1118 410 1181 p.
431 1100 460 1178 6,
483 1116 555 1162 cum
576 1096 678 1179 primo
701 1115 794 1161 versu
810 1096 984 1178 Ancaeum,
1008 1098 1145 1164 Arcadis
1167 1101 1223 1164 ab·

25 1197 26 1276 s
80 1206 228 1283 nepotem,
252 1198 414 1281 designari
436 1203 556 1266 temere
579 1203 727 1280 sumeret,
750 1197 876 1263 collatis
896 1197 1060 1283 Apollonii
1076 1199 1224 1265 Rhodiil

24 1321 26 1398 ᾗ
83 1303 133 1364 164
145 1320 215 1386 sqq.
239 1321 277 1368 eo
300 1298 458 1367 adductus
481 1307 545 1382 est,
569 1305 602 1365 ut
625 1307 676 1366 sat
697 1299 813 1366 audaci
843 1298 1024 1366 coniectura
1054 1310 1224 1385 reponeret

24 1415 25 1458 i
76 1394 114 1466 ‘in
142 1402 436 1487 Argonauticis
465 1394 686 1485 Varronis'3
716 1407 813 1484 atque
844 1402 1029 1469 Alexandro
1052 1402 1148 1468 Riese
1177 1403 1224 1468 ita

24 1539 25 1546 κ
77 1503 230 1589 imposuit,
253 1511 297 1586 ut,
320 1503 381 1570 etsi
403 1505 524 1589 sprevit
545 1505 614 1571 elus
629 1506 853 1586 coniecturam,
876 1523 988 1571 versus
1011 1510 1119 1571 tamen
1140 1504 1223 1572 inter

24 1605 25 1624 ¹
79 1604 221 1674 Varronis
243 1606 370 1673 Atacini
398 1607 577 1694 fragmenta
599 1608 764 1689 reciperet.
810 1605 900 1684 Quae
928 1605 1051 1691 priores
1079 1607 1224 1674 luserunt

78 1706 199 1787 (Barthz
209 1703 255 1774 ‘in
266 1730 296 1775 v.
304 1702 478 1790 Arataeis’,
491 1707 694 1791 Bernhardy:
702 1703 748 1772 ‘in
757 1727 788 1771 v.
797 1700 1079 1790 Eratosthenicis')
1091 1729 1222 1792 possum

79 1812 225 1892 omittere,
241 1831 300 1877 nec
316 1809 504 1876 commorari
521 1829 600 1893 opus
616 1816 664 1874 est
678 1809 711 1874 in
728 1827 775 1890 eo,
792 1808 879 1890 quod
894 1809 1086 1876 novissimus
1102 1811 1223 1895 Hygini

79 1910 173 1980 editor
196 1913 374 1997 proposuit:
395 1907 441 1978 ‘iu
463 1931 494 1976 r.
517 1902 660 1976 eroticis.'
702 1909 852 1976 certain
875 1911 937 1993 his,
958 1911 1022 1977 nisi
1043 1931 1128 1977 nova
1150 1912 1222 1976 sub-

78 2013 154 2081 sidia
176 2015 342 2097 accedunt,
364 2012 512 2097 indagari
534 2032 597 2078 non
627 2019 768 2096 possunt.
816 2012 882 2078 Sed
910 2012 996 2078 enim
1018 2012 1060 2078 ad
1083 2018 1224 2080 nostrum

77 2118 236 2184 consilium
259 2115 377 2182 sufficit
398 2136 547 2182 versuum
570 2115 653 2181 scire
674 2120 823 2197 aetatem,
847 2133 944 2198 quam
960 2113 1123 2181 Baehrens
1145 2116 1225 2182 satis

77 2219 281 2299 probabiliter
309 2216 439 2284 definiit.
483 2219 567 2284 Nam
595 2218 623 2284 si
646 2216 764 2283 Catulli
793 2218 952 2300 aequalis,
982 2217 1127 2299 quisquis
1155 2216 1224 2300 suit,

77 2316 160 2385 illam
185 2320 226 2384 de
244 2320 330 2385 Ursa
348 2321 389 2384 ab
413 2339 532 2386 oceano
556 2321 686 2384 exclusa
708 2320 849 2384 fabulam
867 2318 1068 2402 significavit,
1092 2339 1154 2384 nou
1178 2325 1226 2384 cst

78 2421 215 2501 dubium,
232 2421 307 2500 quin
326 2439 367 2484 ex
383 2420 609 2485 Alexandrinis
624 2418 733 2485 nescio
749 2418 820 2499 quis
835 2419 904 2485 eius
920 2425 1030 2486 auctor
1044 2420 1147 2502 tuerit,
1165 2420 1226 2486 etsi

22 2593 24 2608 ‚
77 2525 193 2588 nullum
216 2521 308 2586 huius
330 2519 415 2605 apud
439 2521 580 2588 Graecos
602 2522 689 2605 ipsos
714 2520 780 2585 iam
802 2520 983 2588 invenimus
1006 2521 1223 2606 vestigium1).

77 2620 205 2690 Ovidius
228 2622 323 2705 igitur
345 2623 377 2688 in
400 2621 463 2689 fine
486 2643 549 2688 non
571 2623 676 2690 minus
691 2640 787 2704 quam
809 2622 842 2687 in
860 2621 1020 2706 prioribus
1035 2625 1226 2692 narrationis

22 2809 23 2816 ἵ
76 2726 216 2806 partibus
238 2731 338 2792 totam
361 2724 528 2792 materiam
551 2725 778 2792 Alexandrinis
807 2723 925 2792 debere
954 2725 1143 2795 iudicandus
1166 2736 1224 2794 cst.

22 2861 23 2874 ¹
77 2878 155 2933 simile
167 2877 270 2946 aliquid
282 2877 370 2932 solum
381 2877 455 2946 apud
467 2876 613 2945 Apuleium
625 2877 767 2944 reperitur,
786 2876 830 2930 cui
845 2877 967 2930 succuba
984 2875 1053 2930 idem
1066 2878 1137 2932 valet
1155 2879 1228 2948 quod

22 2967 23 3000 ³
77 2965 191 3031 aemula,
216 2962 250 3017 ci.
269 2962 335 3016 Met.
353 2961 379 3017 V
398 2965 444 3026 28,
468 2962 516 3015 ubi
533 2960 626 3015 Venus
643 2961 789 3014 exclamat:
809 2956 872 3015 ‘Vel
898 2961 1014 3013 maxime
1031 2961 1155 3030 Psychen
1171 2963 1228 3027 ille,

77 3060 145 3102 meac
163 3048 293 3103 formae
311 3048 508 3109 succubam,
527 3045 579 3097 mei
596 3044 711 3099 nominis
729 3045 871 3108 aemulam,
890 3057 952 3097 rere
969 3036 1077 3110 diligit’,
1096 3048 1124 3098 et
1141 3045 1167 3096 X
1180 3049 1227 3112 243

76 3137 169 3187 etcum
183 3132 298 3201 Apuleio
313 3131 485 3186 consentiunt
502 3128 608 3198 glossae
619 3129 774 3193 nonnullae,
792 3142 861 3194 quas
873 3127 944 3182 Rob.
957 3127 1048 3194 Unger
1059 3142 1087 3194 p.
1098 3130 1112 3179 'l
1125 3127 1227 3182 attulit.

22 3243 23 3248 κ
77 3214 198 3273 Potestne
216 3218 297 3284 igitur
314 3220 395 3285 poeta
412 3216 441 3269 in
458 3213 587 3281 singulari
603 3213 714 3266 notione
734 3227 794 3266 cum
814 3211 931 3279 Apuleio
949 3211 1108 3278 conspirans
1128 3209 1227 3266 Catulli

22 3301 23 3332 r
77 3303 192 3370 aequalis
210 3302 321 3356 haberi?
354 3301 415 3354 Meo
435 3300 542 3369 quidem
554 3297 655 3352 iudicio
666 3302 766 3366 potest.
796 3296 876 3350 Licet
894 3295 963 3348 enim
976 3294 1109 3363 dubitare,
1127 3311 1162 3351 an
1180 3297 1228 3351 illa

77 3386 265 3441 succumbendi
289 3385 478 3453 succuhaeque
500 3384 540 3438 ris
563 3383 711 3452 antiquitus
728 3383 757 3436 in
774 3398 827 3438 usu
844 3381 938 3448 luerit,
963 3395 1117 3449 quanquam
1139 3383 1227 3452 primo

78 3472 157 3538 nugis
170 3473 199 3526 in
215 3470 321 3538 uulgari
333 3470 452 3540 ideoque
464 3472 557 3537 spreta
575 3483 592 3522 a
610 3468 768 3523 cultioribus
786 3468 883 3536 poetis,
899 3471 1002 3536 postea,
1019 3483 1080 3521 cum
1095 3473 1187 3522 vetera
1201 3473 1229 3524 et

78 3555 196 3622 uulgaria
207 3555 438 3623 protraherentur,
450 3554 479 3609 in
489 3554 594 3608 litteras
603 3559 729 3622 recepta3
742 3553 787 3607 cui
799 3553 919 3621 opinioni
930 3551 1004 3607 feret
1016 3552 1087 3621 quod
1097 3552 1228 3621 Apuleius

79 3641 221 3695 succubam
232 3640 261 3694 in
279 3655 310 3694 eo
328 3654 410 3708 opere
427 3639 577 3708 usurparit,
594 3639 622 3693 in
640 3654 693 3708 quo
712 3654 773 3692 eum
790 3652 941 3692 sermonem
957 3637 1094 3706 uulgarem
1111 3637 1168 3692 lere
1186 3652 1228 3692 se-

78 3731 164 3781 cutum
182 3741 243 3782 esse
261 3727 376 3780 constat.

158 3816 183 3876 1)
203 3810 409 3876 Callimachum,
431 3807 536 3876 dequo
555 3809 613 3864 sine
635 3808 692 3862 ulla
715 3823 799 3863 causa
823 3807 950 3876 cogitavit
967 3806 1070 3861 Preller
1092 3805 1121 3859 iu
1139 3805 1226 3875 Myth.

22 3885 23 3902 ²
78 3892 119 3947 Gr.
137 3897 167 3948 1³
184 3913 212 3966 p.
231 3899 294 3960 385,
318 3900 457 3949 auctorem
474 3909 529 3949 non
547 3909 606 3948 esse
622 3893 686 3948 inde
703 3893 856 3948 necessario
875 3892 1004 3956 eflicitur,
1028 3890 1101 3956 quod
1119 3888 1152 3943 de
1170 3903 1227 3943 om-

78 3976 153 4033 nibus
172 3979 219 4049 qui
242 3995 275 4034 ex
299 3979 352 4035 hoc
373 3980 494 4047 pendent
519 3993 554 4033 nc
578 3994 649 4033 unus
672 3978 780 4048 quidem
797 3980 945 4032 extremam
966 3975 1040 4029 illam
1065 3973 1228 4028 narrationis

77 4065 234 4128 particulam
252 4063 343 4119 habet.
379 4063 446 4130 Quis
463 4067 559 4118 auctor
576 4062 666 4128 luerit,
683 4077 718 4116 nc
736 4062 867 4130 suspicari
886 4062 992 4130 quidem
1009 4060 1082 4115 licet.
