2988 4728
497 273 538 326 De
556 271 684 328 Callistus
702 272 804 328 fabula.
1173 274 1240 332 3152

72 439 146 508 Otto
170 441 208 507 in
232 461 337 526 progr.
362 441 498 526 Clogav.
518 444 599 508 1886
621 465 651 528 p.
670 449 687 510 8
712 445 762 510 De
783 443 901 510 fabulis
918 445 1060 528 Propert.
1083 445 1176 528 (part
1193 445 1239 530 ΙΙ)

73 543 246 627 disputans
268 545 422 625 cogitavit
444 544 486 611 de
501 544 716 614 Callimacho:
740 553 774 612 at
794 547 828 612 In
850 544 944 612 huius
966 547 1149 613 narratione
1165 548 1237 615 Cal-

73 645 147 711 listo
171 665 251 712 ursa
272 646 358 711 facta
379 646 487 713 statim
508 647 562 712 rel
591 647 727 713 subinde
750 667 771 713 a
793 647 899 714 Diana
928 645 1097 731 occiditur;
1127 656 1238 715 contra

74 746 160 830 apud
184 747 432 816 Eratosthenem
459 751 576 816 multos
602 769 704 816 anuos
723 743 861 816 ‘errasse
882 769 941 833 per
966 741 1074 830 agros'
1098 750 1238 833 fingitur,

72 847 147 913 dum
172 868 248 914 oum
271 849 339 914 filio
364 857 504 918 venante
518 850 773 934 congrederetur.

158 953 263 1019 Plura
290 953 419 1020 fabulae
454 953 637 1021 testimonia
665 954 751 1038 apud
785 954 879 1022 buius
907 955 1086 1039 priorisque
1120 956 1237 1022 aetatis

74 1057 226 1120 auctores
248 1057 366 1122 frustra
388 1057 547 1138 quaesivi:
570 1055 680 1139 itaque
704 1056 898 1122 descendere
921 1075 1001 1140 opus
1023 1055 1066 1121 ad
1084 1056 1236 1124 Ovidr‘om.

74 1151 133 1230 Qui
157 1157 380 1240 superioribus
402 1159 494 1224 annis
517 1164 550 1224 et
571 1159 639 1243 lpse
654 1178 726 1224 raro
742 1158 909 1225 occasione
925 1157 1032 1240 utitur,
1055 1178 1126 1223 cum
1148 1159 1237 1226 sidus

74 1266 322 1344 commemorat,
351 1261 481 1327 fabulae
508 1258 752 1342 significandae,
782 1260 840 1325 sed
869 1260 903 1324 in
931 1259 1038 1324 Fastis
1065 1266 1237 1343 postquam

72 1355 190 1424 iterum
215 1358 368 1428 Callistus
396 1362 463 1426 fata
491 1369 543 1427 sat
570 1362 677 1427 multIs
706 1361 851 1428 versibus
880 1366 1064 1446 persecutus
1095 1367 1144 1426 est
1171 1360 1238 1426 iam

74 1460 294 1543 compluriens
324 1463 455 1546 originis
477 1481 571 1530 ursae
594 1463 741 1531 caelestis
764 1463 921 1545 meminit,
949 1460 1138 1546 saepissime
1160 1482 1237 1529 vero

74 1579 110 1625 ac
125 1581 235 1644 paene
251 1562 293 1628 ad
308 1563 449 1630 taedium
463 1567 497 1631 In
509 1565 669 1632 Tristibus
684 1573 716 1632 et
726 1565 840 1632 sideris
855 1569 969 1630 etcum
985 1563 1091 1630 sidere
1106 1565 1237 1631 fabulae

75 1663 273 1730 mentionem
296 1668 420 1749 repetit,
444 1687 515 1733 cum
536 1667 611 1734 inde
633 1687 654 1730 a
674 1668 757 1742 libro
772 1667 804 1731 Π
826 1665 995 1732 lamentari
1016 1686 1080 1732 non
1102 1665 1237 1747 desinat,

75 1764 160 1842 quod
183 1767 219 1832 in
241 1773 359 1833 terram
381 1769 543 1852 relegatus
565 1770 607 1835 sit
627 1769 680 1834 isti
702 1775 769 1834 tam
784 1767 892 1849 gelido
915 1765 1014 1832 sideri
1028 1767 1235 1850 suppositam.

74 1863 218 1934 Primum
240 1868 273 1933 in
295 1869 402 1934 Amor.
425 1868 473 1932 III
498 1871 552 1953 12,
581 1890 651 1937 cum
681 1877 846 1955 poetarum
876 1876 1055 1935 commenta
1082 1872 1236 1950 recenset,

77 1967 176 2035 ctiam
202 1970 355 2036 Callistus
378 1975 469 2036 notat
489 1972 632 2038 fabulam
654 1994 684 2039 v.
707 1976 763 2037 31:

188 2073 240 2137 De
263 2073 367 2139 Niobe
389 2073 521 2157 silicem,
545 2075 593 2141 de
615 2075 776 2159 virgine
798 2073 968 2140 fecimus
990 2088 1129 2138 ursam.

77 2170 206 2240 Dehinc
221 2194 285 2240 uon
300 2176 362 2241 nisi
383 2176 415 2240 in
438 2177 544 2243 sidere
566 2176 652 2242 illius
674 2176 831 2258 meminit;
857 2174 944 2258 quod
966 2174 998 2240 in
1020 2173 1237 2258 superioribus

76 2275 272 2341 carminibus
297 2278 486 2343 bisfactum
510 2283 573 2343 est:

76 2373 149 2443 Her.
160 2376 271 2441 XVIII
283 2383 338 2441 151
350 2398 397 2461 sq.
407 2377 633 2443 Andromedan
649 2378 731 2444 alius
748 2382 870 2460 spectet
883 2377 1067 2459 claramque
1080 2376 1237 2442 Coronam

439 2498 585 2562 quaeque
596 2479 693 2544 micat
704 2478 812 2562 gelido
825 2477 1032 2543 Parrhasis
1044 2476 1140 2543 Ursa
1152 2478 1235 2560 polo.

106 2579 179 2646 Art.
188 2599 249 2645 am.
258 2579 291 2645 Il
300 2582 338 2644 55
347 2599 394 2662 sq.
403 2581 535 2648 Sedtibi
543 2603 605 2647 non
613 2583 728 2666 virgo
741 2583 794 2646 Te
801 2597 1107 2665 geaeacomesque
1116 2579 1237 2646 Bootae

72 2689 73 2696 ’
439 2683 565 2766 cnsiger
587 2683 684 2751 Orion
706 2683 909 2768 aspiciendus
932 2682 1001 2748 crit.

80 2778 260 2864 Sequuntur
281 2783 312 2848 Il
335 2785 449 2868 plenae
477 2785 606 2853 fabulae
629 2786 842 2869 narrationes,
872 2786 975 2851 altera
996 2785 1030 2850 in
1053 2784 1181 2849 Metam.
1205 2783 1236 2848 II

79 2884 257 2968 roc-530,
280 2886 382 2952 altera
403 2888 437 2954 in
458 2889 544 2954 Fast.
566 2889 598 2953 II
615 2891 792 2969 rso-192,
816 2906 896 2969 quas
919 2908 959 2951 ex
984 2885 1181 2951 Callimacho
1205 2893 1238 2950 et

81 2979 290 3054 Eratosthene
306 2987 459 3055 conflatas
470 3008 542 3054 esse
554 2995 667 3073 postea
682 2988 871 3054 ridebimus
907 2986 989 3050 Hinc
999 2990 1115 3067 poetae
1126 2984 1237 3050 fabula

80 3085 246 3155 famIliaris
269 3089 356 3155 facta
379 3097 442 3172 est;
467 3090 550 3156 redit
571 3090 656 3155 enim
680 3089 747 3154 eius
770 3086 888 3154 mentio
911 3092 959 3151 ter
980 3085 1014 3149 in
1036 3084 1156 3148 Fastis:

139 3190 265 3256 [11793
288 3192 391 3258 Stella
414 3191 655 3275 Lycaoniam
678 3189 782 3271 vergit
804 3185 955 3272 proclivis
978 3184 1020 3252 ad
1042 3186 1202 3251 Arcton.

140 3292 186 3358 IV
202 3297 263 3358 577
280 3301 364 3370 (cum
380 3295 477 3361 Ceres
492 3295 609 3361 Ursam
623 3292 806 3374 alloquitur)
822 3285 1043 3355 Parrhasid
1053 3305 1093 3353 es
1109 3287 1236 3352 stellae!

141 3396 187 3461 VI
203 3399 264 3461 235
277 3416 323 3479 sq.
340 3399 450 3464 Tertia
465 3403 537 3480 post
552 3397 662 3461 Nonas
684 3414 849 3460 removere
869 3393 1055 3476 Lycaona
1066 3390 1090 3474 ¹)
1106 3391 1237 3458 Phoebe

378 3501 487 3581 fertur,
510 3493 1061 3579 etatergononhabetUrsa
1084 3499 1236 3560 metum.

82 3600 199 3667 octiens
221 3621 297 3667 vero
320 3602 352 3666 in
375 3602 547 3667 Tristibus:

165 3704 226 3786 13,
243 3707 282 3769 48
299 3704 462 3785 Versaque
485 3703 527 3769 ab
550 3722 611 3767 axe
634 3721 692 3768 suo
713 3697 929 3765 Parrhasis
951 3700 1094 3763 Arctos
1116 3699 1193 3760 erat.

220 3810 278 3887 4‚1
298 3807 468 3889 'linguitur
482 3825 602 3872 oceano
619 3810 759 3870 custos
775 3798 1090 3884 Erymanthidos
1106 3816 1234 3862 ursae.

166 4032 189 4094 l)
207 4024 543 4096 Lycaon=chaonides,
561 4025 595 4080 cI.
614 4040 682 4094 quos
699 4024 795 4079 laudat
813 4023 892 4078 Peter
910 4022 938 4076 in
956 4016 1091 4156 mare}
1103 4016 1130 4069 II
1147 4032 1174 4086 p.
1190 4022 1230 4073 54.
