2958 4734
245 249 308 308 254
680 245 849 300 Reinholdus
867 243 957 298 Franz

246 421 348 489 lconis
370 420 504 504 figuram
526 417 688 502 indueret,
719 436 759 483 ea
780 415 875 484 luerit
897 416 1012 483 leaena
1033 420 1088 482 aut
1111 420 1196 483 certe
1217 417 1344 500 bestia,
1378 424 1410 483 et

248 522 336 590 cuius
358 522 462 590 cubile
476 522 591 589 leaena
614 519 852 602 conscenderet,
874 518 902 584 is
924 519 1019 584 fuerit
1040 518 1101 584 leo.
1135 519 1180 584 At
1200 519 1319 585 fefellit
1342 519 1409 584 ista

249 624 433 691 similitudo.
477 624 562 689 Nam
589 622 727 707 primum
760 625 1008 688 consentaneum
1042 626 1091 685 est
1119 639 1158 685 ae
1187 621 1409 689 necessarium

248 731 392 812 poetam,
419 724 474 791 ubi
496 724 639 790 fabulam
668 721 849 806 significare
877 722 955 789 satis
983 721 1103 787 habeat
1123 720 1302 806 paucisque
1326 723 1409 790 velit

248 830 281 894 in
296 827 481 894 memoriam
497 845 656 907 revocare,
679 845 751 892 eam
773 824 836 892 sihi
850 825 984 892 formam
1005 822 1135 907 eligere,
1158 844 1253 907 quam
1278 825 1328 892 eis
1352 826 1407 908 qui

249 927 382 996 audiunt
403 927 542 994 maxime
558 933 667 994 notam
682 926 852 993 existimet.
886 927 1025 1010 Vulgata
1040 929 1147 992 autem
1162 926 1245 994 inter
1261 927 1407 995 Graecos

250 1051 291 1097 ea
319 1036 388 1096 erat
416 1031 572 1113 narratio,
603 1050 666 1113 qua
688 1028 820 1096 Callisto
850 1029 883 1094 in
912 1048 1018 1095 ursam
1048 1047 1202 1094 conversa
1229 1028 1405 1095 terebatur.

250 1132 336 1198 Nam
357 1131 525 1214 inhaere,
549 1131 752 1215 quantumvis
774 1136 882 1198 cetera
896 1129 1100 1211 variaverint,
1123 1129 1328 1196 consentiunt
1342 1151 1407 1197 uno

252 1234 308 1300 illo
331 1233 533 1301 homiliarum
548 1241 677 1300 auctore
692 1238 827 1317 excepto
847 1251 967 1315 omnes,
992 1231 1172 1316 quicunque
1187 1231 1317 1298 omnino
1334 1253 1408 1298 con-

251 1355 378 1403 versam
406 1336 495 1401 illam
524 1335 731 1402 tradiderunt.
775 1333 924 1419 Accedit,
948 1332 1033 1416 quod
1057 1332 1137 1401 haec
1165 1336 1269 1401 forma
1289 1339 1408 1420 poetae

252 1437 384 1505 oonsilio
412 1439 513 1505 multo
542 1437 656 1503 melius
685 1436 895 1503 conveniebat
924 1455 1019 1518 quam
1046 1435 1149 1503 altera
1175 1435 1248 1520 illa,
1280 1437 1314 1502 in
1345 1457 1409 1522 qua

252 1560 316 1606 non
338 1541 384 1605 ita
405 1544 585 1625 appareret,
607 1539 766 1624 quomodo
788 1539 908 1605 amissa
923 1538 1046 1623 species
1069 1537 1210 1604 humana
1231 1559 1305 1606 cum
1320 1540 1408 1605 Iovis

252 1641 440 1708 cohaereret
454 1642 615 1728 amplexu.
653 1640 780 1707 Deinde
794 1661 871 1708 vero
887 1641 1011 1725 eodem,
1027 1660 1089 1722 quo
1105 1641 1228 1708 ratione
1243 1654 1406 1722 vocamur,

253 1761 295 1808 ex
315 1743 394 1826 ipsis
417 1751 532 1828 poetae
554 1743 662 1811 verbis
684 1763 743 1810 nos
765 1743 853 1811 ducit
874 1763 971 1809 unum
994 1740 1139 1827 quidem,
1166 1742 1207 1810 de
1231 1742 1320 1809 cuius
1343 1741 1407 1808 fide

253 1864 315 1911 non
332 1845 503 1912 dubitatur.
541 1844 778 1912 Animadvertit
793 1845 923 1912 Godolr.
940 1844 1112 1926 Hermann,
1134 1865 1206 1911 cum
1221 1845 1407 1912 adnotaret:

251 1942 473 2015 ‘Communem
502 1948 621 2014 famam
644 1954 786 2015 secutum
810 1967 881 2014 esse
903 1946 1097 2031 Euripidem,
1121 1947 1251 2013 minime
1274 1945 1405 2013 dubium

254 2049 404 2133 relinquit
424 2047 540 2134 μορφά
563 2051 679 2136 θηρων
703 2050 973 2133 λαχνογυίων,
998 2047 1083 2130 quod
1099 2049 1132 2115 in
1148 2069 1264 2134 ursam,
1288 2070 1352 2116 non
1374 2049 1405 2115 in

254 2154 402 2218 leaenam
425 2142 589 2234 quadrat'.
623 2151 750 2217 Etenim
773 2149 893 2239 λάχνην
907 2149 1088 2241 Hesychius
1110 2151 1157 2219 sic
1170 2151 1404 2235 interpretatur:

256 2253 396 2318 δασεῖα
410 2251 494 2338 θρίξ
505 2305 512 2319 .
523 2257 638 2340 χαίτη
653 2303 660 2317 .
673 2249 756 2339 κόμη
768 2302 775 2317 .
787 2245 847 2340 δ’λη
861 2303 869 2318 .
883 2251 1027 2339 δασύτης
1041 2250 1136 2336 παρὰ
1152 2251 1189 2319 τὸ
1208 2252 1324 2319 λάσιον
1338 2253 1404 2318 κτλ.

255 2356 345 2422 Ηαεε
367 2374 474 2422 rursus
497 2355 543 2422 eis
566 2355 772 2440 illustrantur,
796 2375 878 2440 quae
901 2354 1027 2440 scripsit
1048 2355 1179 2422 Aristot.
1202 2357 1235 2422 iu
1258 2353 1340 2420 Hist.
1357 2375 1405 2420 an.

255 2479 285 2542 p.
302 2457 386 2523 498b
402 2461 458 2524 25:
482 2448 590 2521 αὐτῶν
607 2455 643 2522 δὲ
658 2459 724 2522 τῶν
742 2455 959 2544 τετραπόδων
977 2456 1033 2521 καὶ
1048 2461 1162 2542 τρίχας
1185 2454 1326 2539 ἐχόντων
1340 2458 1404 2520 ταῖν

254 2559 315 2643 μὲν
344 2552 435 2623 άπον
463 2555 500 2623 τδ
532 2559 629 2640 σῶμα
658 2557 776 2644 δασύ,
809 2557 968 2644 καθάπερ
996 2552 1055 2635 δὸς
1082 2559 1138 2624 καὶ
1168 2553 1320 2645 άρκτοο
1352 2561 1405 2624 καὶ

255 2657 366 2736 κυνός·
389 2656 430 2724 τά
461 2657 497 2723 δὲ
521 2657 685 2744 δασύτερά
714 2657 772 2724 τὸν
795 2651 914 2740 αὐχένα
937 2654 1063 2743 ὁμοίως
1086 2660 1212 2748 πάντῃ,
1243 2659 1315 2726 οἷον
1343 2657 1405 2726 ὅσα

253 2766 402 2848 χαίτην
425 2758 499 2841 ἐ’χει,
524 2751 638 2845 ὥσπερ
654 2760 767 2824 λέων.
801 2758 902 2842 λάχνη
917 2761 1013 2842 igitur
1027 2763 1061 2829 in
1075 2765 1170 2831 leone
1183 2764 1273 2846 iuba,
1297 2783 1405 2830 verum

256 2885 297 2932 ne
319 2863 400 2930 haee
422 2862 552 2945 quidem
578 2862 640 2927 nisi
666 2861 839 2946 promissa:
868 2862 902 2928 id
925 2865 1010 2930 enim
1041 2885 1081 2931 ea
1103 2866 1265 2950 aperiunt,
1294 2865 1405 2947 quibus

257 2966 421 3051 Oppianus
435 2964 580 3031 iubarum
597 2963 815 3030 diversitatem
832 2964 1016 3050 descripsit;
1040 2964 1117 3032 dicit
1132 2966 1216 3033 enim
1238 2967 1272 3032 in
1288 2967 1403 3051 Cyneg.

257 3071 303 3136 Ill
326 3073 365 3132 27
379 3087 427 3151 sq.
450 3067 491 3134 de
507 3066 666 3134 Armeniis
681 3066 827 3133 leonibus
842 3069 945 3133 minus
960 3066 1090 3134 validis:
1114 3064 1148 3132 ἐκ
1164 3058 1197 3131 δ>
1216 3061 1282 3154 ἄρα
1298 3067 1404 3155 δειρῆς

257 3173 314 3237 καὶ
335 3169 457 3255 γενύων
481 3166 641 3256 ἑκάτερθε
662 3171 748 3234 θοαὶ
769 3166 937 3252 κομάωσιν
953 3167 1096 3253 ἔθειραι,
1120 3174 1151 3237 et
1169 3190 1199 3236 v.
1216 3175 1253 3235 31
1273 3170 1314 3238 de
1329 3173 1404 3239 Ara·

259 3272 355 3338 bitis:
379 3270 487 3354 δειραὶ
508 3263 673 3346 κάκείνοις
694 3272 751 3336 καὶ
774 3269 904 3358 στήθεα
926 3269 1171 3357 λαχνήεντα,
1200 3277 1235 3338 at
1257 3294 1287 3340 v.
1305 3277 1344 3338 37
1367 3275 1405 3340 de

258 3375 352 3440 leone
364 3372 495 3456 Libyco,
511 3391 606 3454 quem
621 3375 748 3441 leonum
760 3374 904 3458 appellat
919 3394 1041 3458 regem:
1057 3366 1197 3440 οὐκέτι
1213 3373 1405 3462 λαχνηεις,

259 3467 352 3562 ὀλίγη
377 3465 409 3538 δ>
435 3471 636 3561 ἐπιδέδρομε
655 3477 768 3562 χαίτης
798 3495 880 3560 quae
909 3476 1005 3542 etiam
1027 3475 1173 3560 planiora
1193 3476 1271 3542 fiunt
1293 3479 1405 3545 collata

258 3663 339 3719 fluvio
357 3693 390 3702 -
408 3675 538 3716 converso
555 3660 583 3714 in
600 3675 694 3715 ursum
715 3659 757 3714 vel
780 3675 875 3716 canem
899 3675 1044 3731 conpressa
1068 3661 1150 3716 edidit
1167 3655 1306 3718 Acesten?
1340 3663 1404 3718 Nam

260 3748 332 3816 quod
349 3745 532 3802 neceesarium
549 3745 634 3800 visum
652 3751 694 3800 est
705 3745 849 3816 Aeschylo,
866 3745 937 3800 idem
954 3745 1028 3801 haud
1044 3746 1126 3801 dubie
1137 3747 1262 3817 Euripidi
1280 3751 1309 3802 et
1325 3750 1404 3804 omni·

260 3833 312 3887 bus
330 3833 452 3898 omnino,
470 3831 516 3901 qui
532 3845 589 3885 rem
606 3829 658 3885 sibi
675 3834 738 3886 ante
756 3831 851 3886 oeulos
872 3837 1062 3900 proponerent.
1097 3832 1217 3887 Indidem
1234 3832 1319 3901 fluxit,
1338 3834 1404 3904 quod

261 3919 384 3986 Iuppiter
399 3917 428 3971 in
440 3915 547 3972 Moschi
558 3917 685 3985 Europae
699 3933 723 3970 v.
742 3920 790 3971 163
808 3918 835 3970 et
852 3915 880 3970 in
899 3916 986 3972 Ovidii
1002 3917 1172 3973 East.V615
1191 3923 1320 3974 narratur
1337 3920 1404 3976 tauri

261 4001 378 4071 speciem
395 4002 511 4067 cumeae,
529 4005 560 4055 ut
576 4001 704 4070 Europae
722 4016 813 4057 amore
829 4000 974 4057 frueretur.
