2988 4728
505 293 547 348 De
565 293 693 350 Callistus
708 293 811 350 fabula.
1171 298 1233 360 353

79 466 118 534 Id
142 464 291 551 quidem,
319 465 374 533 ubi
397 467 438 534 de
459 464 647 533 Pleiadibus
674 472 706 532 et
727 465 897 551 Hyadibus
924 485 1028 536 sermo
1058 473 1141 552 erat,
1169 451 1235 537 iam

16 639 17 644 ,
82 568 232 651 vidimus,
256 567 383 636 omnino
407 568 556 635 exclusas
578 566 705 634 fabulas
727 587 791 634 non
813 568 927 653 fuisse,
951 568 1085 636 atenim
1107 580 1236 654 praeter

16 673 18 738 l
81 671 211 738 nomina
227 675 259 737 et
273 669 427 753 originem
442 668 656 755 nympharum
670 689 745 735 num
762 689 801 736 ea
816 689 953 755 quoque,
970 690 1053 752 quae
1069 669 1110 738 de
1126 691 1235 739 earum

16 779 17 846 j
80 772 154 838 lutis
176 771 371 858 ferebantur,
393 773 496 839 relata
516 771 643 854 fuerint,
667 770 746 838 citra
764 771 997 839 dubitationem
1014 772 1154 857 positum
1170 781 1233 858 est3

16 857 17 908 ³
83 875 173 957 quin,
203 874 232 940 si
261 872 339 956 quid
368 892 409 940 ex
439 873 646 955 curatione,
677 893 741 956 qua
768 874 980 959 Asclepiades
1009 873 1095 961 apud
1117 875 1234 943 Athen.

16 1029 17 1064 ,
82 995 209 1043 carmen
231 974 275 1042 ad
297 973 465 1042 consilium
487 993 577 1042 suum
601 975 749 1058 adhibet,
772 975 924 1058 colligere
946 976 1032 1059 licet,
1055 978 1236 1062 puellarum

82 1079 149 1145 lata
177 1075 328 1144 videntur
355 1096 419 1144 non
447 1075 545 1144 luisse
574 1082 759 1144 memorata.
809 1077 848 1143 ld
878 1078 987 1162 utique
1022 1085 1142 1146 eertum
1177 1091 1237 1164 est,

83 1187 211 1246 tenuem
234 1179 332 1246 fuisse
349 1186 381 1244 et
396 1197 502 1245 rernm
515 1178 800 1246 astronomicarum
819 1181 912 1263 copia
927 1179 1130 1248 obscuratam
1145 1181 1236 1249 fabu-

81 1281 185 1346 larum
216 1278 403 1347 memoriam
433 1279 466 1344 in
494 1298 533 1346 eo
567 1280 723 1364 carmine,
757 1280 847 1347 cuius
874 1288 1037 1349 auctorem
1064 1283 1237 1352 Plutarcho

16 1405 17 1456 l
82 1383 194 1449 liceret
217 1399 350 1450 severae
373 1380 451 1448 artis
473 1381 660 1466 scriptorum
683 1383 716 1448 in
738 1402 842 1464 aequo
872 1403 999 1467 ponere.
1045 1385 1237 1470 Exemplum

16 1467 18 1588 J
83 1487 109 1550 si
132 1503 285 1567 quaeres,
307 1485 362 1549 vix
386 1503 407 1549 a
428 1503 504 1550 vero
534 1483 714 1567 aberrabis,
744 1506 816 1553 cum
839 1486 1015 1554 Hesiodum
1045 1487 1100 1569 qui
1122 1488 1239 1555 dicitur

84 1586 221 1654 eandem
244 1588 310 1652 fere
332 1585 491 1652 tractandi
514 1587 600 1652 viam
622 1587 801 1672 ingressum
821 1607 892 1654 esse
907 1594 1029 1654 statues
1044 1595 1141 1671 atque
1156 1590 1237 1658 Ara·

84 1699 170 1772 tum,
194 1688 248 1771 qui
271 1687 399 1753 tabulas
422 1687 609 1772 plerumque
633 1687 760 1754 omittat
782 1695 838 1754 aut
859 1689 974 1755 leviter
997 1695 1122 1757 tantum
1144 1693 1239 1759 attin·

83 1797 149 1875 gat,
172 1791 232 1857 sed
255 1790 356 1856 semel
378 1790 475 1855 etiam
498 1788 617 1855 diutius
639 1789 796 1856 narrando
814 1795 1033 1857 commoretur.
1070 1792 1184 1876 Itaque
1207 1801 1240 1862 et

84 1891 238 1960 Callistus
260 1898 292 1958 et
307 1890 434 1958 Orionis
457 1911 508 1958 res
530 1890 689 1957 uberrime
713 1891 754 1957 ab
777 1891 832 1957 illo
856 1890 1020 1977 expositas
1042 1892 1142 1961 fuisse
1163 1915 1240 1963 num

83 1995 125 2060 sit
149 1995 332 2077 tenendum,
356 1994 421 2059 iam
444 1993 585 2059 nascitur
608 1992 776 2076 dubitatio,
799 1991 857 2060 sed
882 1992 1050 2061 diiudicari
1073 2016 1136 2063 non
1151 1996 1239 2080 prius

84 2098 205 2182 poterit
227 2116 324 2180 quam
347 2096 388 2164 de
409 2095 497 2162 illius
520 2101 629 2162 aetate
651 2094 831 2162 accuratius
853 2095 914 2162 erit
936 2097 1147 2181 exploratum.

173 2198 202 2262 A
225 2198 401 2265 falsario
425 2199 509 2265 enim
530 2197 751 2266 Alexandrino
774 2217 901 2265 carmen
931 2198 1108 2284 profectum
1131 2207 1163 2268 et
1183 2222 1242 2287 per

85 2300 232 2368 fraudem
254 2299 372 2367 illustri
393 2300 528 2368 Hesiodi
549 2300 678 2368 nomine
699 2300 886 2384 inscriptum
915 2320 987 2368 esse
1014 2303 1162 2386 opinatus
1192 2309 1241 2370 est

85 2402 195 2470 Odoir.
217 2403 332 2470 Miller
359 2401 393 2467 in
421 2402 547 2484 Proleg.
570 2423 600 2486 p.
628 2404 686 2466 193
717 2407 749 2468 et
777 2401 892 2468 eodem
920 2402 1087 2470 inclinavit
1115 2403 1239 2469 Marak-

83 2503 244 2572 scbeffelii
271 2503 429 2571 sententia
456 2504 491 2571 in
517 2505 593 2571 Hes.
616 2510 676 2571 eto.
705 2505 819 2586 fragm.
848 2524 878 2587 p.
907 2507 975 2569 196.
1019 2504 1241 2586 Antiquiorem

17 2595 18 2676 l
85 2606 237 2672 carminis
252 2605 408 2688 originem
423 2603 634 2673 defenderunt
649 2606 759 2688 Bergk
773 2605 806 2672 in
821 2605 903 2673 Hist.
919 2605 979 2672 litt.
1001 2605 1055 2674 (ir.
1072 2607 1089 2672 Ι
1110 2628 1141 2692 p.
1161 2611 1241 2672 1010

17 2775 19 2808 ,
86 2716 120 2774 ec
143 2708 263 2774 aubert
284 2707 317 2773 in
340 2708 426 2774 urat.
450 2709 518 2776 cat.
535 2708 590 2775 rer.
613 2730 644 2793 p.
661 2711 723 2772 nlo
746 2708 834 2775 etin
856 2708 963 2776 Herm.
987 2708 1096 2775 xviii
1117 2730 1148 2795 p.
1168 2713 1242 2776 434.

18 2819 20 2910 l
176 2809 318 2876 Hesiodo
342 2811 397 2892 qui
419 2831 548 2877 carmen
570 2810 791 2878 abiudicarent
813 2811 878 2877 iam
899 2812 998 2880 fuisse
1026 2813 1109 2879 inter
1137 2833 1243 2897 gram·

18 2931 19 3008 .
87 2910 224 2978 maticos
254 2911 490 2978 Alexandrinos
519 2912 722 2998 Asclepiadis
736 2973 737 2976 ,
751 2914 837 2995 quod
867 2935 966 2996 supra
994 2914 1243 2980 commemorari

18 3011 19 3038 ³
86 3011 244 3080 iudicium
273 3012 426 3096 ostendit,
458 3032 519 3078 neo
545 3014 616 3080 sine
645 3032 763 3094 magna
789 3013 1018 3094 probabilitate
1047 3012 1154 3095 Bergk
1176 3013 1198 3077 l.
1220 3014 1241 3079 l.

18 3195 19 3204 ἵ
88 3107 332 3200 Ἀστρονομίαν
347 3114 396 3181 illi
411 3108 582 3198 appendici
596 3113 784 3197 assignavit,
800 3132 895 3194 quam
908 3111 1066 3196 Operibus
1082 3110 1243 3178 adnexam

19 3269 20 3290 .
87 3217 188 3284 fuisse
210 3216 391 3284 testimonio
413 3215 594 3282 Pausaniae
617 3214 679 3297 (IX
695 3218 781 3297 31,5
803 3216 860 3280 καὶ
889 3205 953 3278 ὅσα
983 3210 1040 3277 ἐπὶ
1056 3205 1185 3298 Ἔργοις
1207 3237 1243 3279 ra

88 3320 147 3385 καὶ
169 3314 323 3405 ἡμέραις)
347 3323 472 3385 constat
494 3323 526 3385 et
548 3318 601 3384 cui
622 3319 665 3383 ab
687 3314 860 3401 Apollonio
882 3314 1008 3383 Rhodio
1030 3314 1127 3381 fidem
1150 3315 1244 3384 dero-

89 3426 201 3504 gatam
229 3440 301 3489 esse
323 3421 432 3504 Bergk
461 3441 503 3487 ex
531 3419 631 3488 schol.
654 3438 748 3486 anon.
770 3416 813 3483 ad
835 3418 911 3484 Hes.
934 3416 994 3502 Op.
1012 3420 1073 3483 828
1101 3417 1244 3498 (τούτοις

91 3522 129 3588 δὲ
144 3520 309 3608 ἐπάγουσί
323 3545 411 3598 τινες
425 3520 484 3610 τὴν
497 3513 795 3608 Ὀρνιθομαντείαν
811 3518 871 3605 <-
883 3556 924 3566 -
935 3517 995 3604 ->
1011 3511 1109 3586 ἅτινα
1119 3514 1245 3586 Ἀπολ-

92 3622 212 3702 λώνιος
246 3618 265 3689 ὅ
289 3617 414 3699 Ῥόδιος
448 3615 577 3700 ἀθετεῖ)
606 3623 675 3691 iure
704 3622 848 3706 collegit,
882 3622 1015 3704 Bergkii
1044 3623 1245 3690 coniecturae

92 3747 190 3809 quam
212 3725 352 3793 maxime
374 3727 462 3794 favet
482 3724 565 3791 ratio
588 3723 650 3792 loci
665 3723 855 3809 Pausaniae,
878 3743 942 3807 quo
965 3744 1048 3807 quae
1069 3725 1166 3809 vulgo
1181 3724 1244 3791 He·

93 3830 176 3896 siodi
198 3830 259 3896 sub
285 3828 414 3895 nomine
442 3829 584 3893 ferantur
613 3825 755 3893 carmina
782 3834 1021 3907 enumerantur,
1049 3825 1111 3891 boc
1137 3831 1245 3891 autem

94 3951 166 3998 cum
189 3931 263 3999 aliis
285 3928 462 3998 minoribus
477 3927 578 4010 deest,
600 3930 752 4011 favetque
770 3948 853 4011 quae
868 3929 951 3997 inter
965 3926 1073 4010 Opera
1088 3931 1120 3992 et
1135 3927 1244 3994 Astro-

94 4033 235 4102 nomiam
258 4032 426 4100 intercedit
447 4031 627 4112 argumenti
649 4030 833 4099 similitudo.
