2988 4728
481 303 524 359 De
542 304 668 360 Callistus
685 304 787 360 fabula.
1145 312 1205 372 331

68 473 182 555 polator
203 473 245 538 sit
266 474 461 542 incusandus
475 475 510 560 ¹),
538 477 662 557 nescio,
690 476 748 543 sed
777 475 843 542 scio
865 475 1005 542 alienum
1028 499 1099 548 esse
1121 482 1207 564 quod

69 573 199 658 luppiter
220 574 345 642 dicatur
359 577 518 661 Lycaonis
534 578 674 662 hospitio
696 597 772 644 usus
793 577 893 643 liliam
916 581 1152 667 compressisse,
1176 592 1208 651 et

68 695 150 742 sensu
178 697 287 744 carere
319 678 405 759 quod
439 679 526 746 idem
560 680 724 746 sceleratis
758 680 833 746 filiis
867 680 998 748 fulmine
1032 687 1207 768 peremptis

69 785 179 858 patrem
208 779 364 865 peculiari
392 802 513 866 poena,
549 782 637 848 cuius
665 783 754 848 nulla
780 783 908 849 omnino
937 803 1034 850 causa
1062 793 1208 870 apparet,

68 877 228 964 afficiat2);
251 887 350 964 atque
372 882 465 950 huius
488 882 617 965 quidem
639 883 852 951 additamenti
873 891 1019 951 naturam
1040 889 1091 954 vel
1113 889 1208 954 sedes

67 979 188 1065 indicat,
212 1002 304 1049 sunm
328 985 412 1050 enirn
436 987 540 1052 locum
562 986 695 1052 haberet
710 992 783 1070 post
797 987 930 1053 verbum
943 982 1109 1073 ‘necavit'3
1133 991 1204 1057 sub·

67 1083 171 1150 lectum
194 1093 245 1150 est
266 1105 287 1150 a
308 1086 439 1152 fabulae
460 1087 628 1154 redactura
644 1107 685 1153 ex
699 1089 803 1154 altera
817 1089 1006 1156 narrationis
1028 1090 1139 1174 forma,
1164 1113 1205 1157 ex

68 1174 282 1272 qca'Lycaon,
306 1186 382 1270 quia
403 1188 473 1272 ipse
494 1189 616 1256 facinus
644 1190 676 1255 in
698 1209 734 1255 se
756 1190 899 1273 admisit,
929 1191 961 1256 in
983 1192 1051 1276 lupi
1071 1191 1206 1272 figuram

67 1295 201 1354 mutatur.

139 1393 282 1457 Transeo
311 1390 353 1455 ad
382 1391 526 1457 fabulam
554 1394 750 1478 proximam,
785 1412 868 1476 quae
897 1394 938 1460 de
967 1394 1100 1462 Callisto
1129 1396 1205 1477 agit.

66 1489 152 1577 llaec,
174 1494 202 1560 si
226 1493 359 1558 alteram
382 1494 450 1560 eius
470 1504 593 1579 partem
617 1516 688 1562 cum
710 1496 857 1562 versibus
880 1502 912 1562 et
933 1497 1096 1563 stellarum
1119 1507 1205 1563 eata·

66 1590 138 1678 logo,
161 1595 238 1678 quia
260 1595 367 1662 aliena
396 1603 460 1680 est,
489 1597 659 1683 mittimus,
689 1618 730 1664 ex
752 1619 790 1665 eo
812 1618 942 1666 numero
965 1607 1029 1674 est,
1058 1619 1141 1681 quae
1163 1619 1207 1660 ca·

66 1694 180 1760 scholiis
210 1695 396 1782 Verpr'liorrir
421 1697 595 1783 fluxerunt;
625 1699 711 1780 quod
738 1705 775 1764 ut
795 1701 1020 1783 perspiciatur,
1049 1721 1128 1786 opus
1158 1707 1207 1766 est

67 1814 126 1864 eam
142 1819 214 1866 cum
230 1799 276 1866 eis
292 1821 492 1884 componere,
509 1820 592 1885 quae
607 1799 792 1867 Lactantius
806 1799 850 1866 ad
865 1801 960 1868 Statii
972 1801 1073 1868 rhen.
1087 1802 1205 1867 1Π685

67 1906 91 1962 et
110 1901 267 1985 Mythogr.
283 1903 385 1969 Vatic.
400 1903 433 1967 Il
448 1905 498 1968 58.
514 1906 554 1966 59
577 1901 742 1968 exhibent:

72 2031 131 2102 Hyg.
150 2035 206 2090 lab.
227 2039 274 2089 177
310 2035 389 2091 lact.
407 2034 442 2089 ad
453 2035 532 2090 Statii
544 2035 630 2091 Theb.
642 2036 684 2090 III
696 2040 745 2090 685
816 2035 950 2107 Mythogr.
964 2036 1026 2092 Vat.
1039 2036 1111 2092 1158
1124 2055 1164 2106 sq.

344 2138 395 2190 AD
410 2137 599 2204 OOEANUM]
614 2138 683 2206 Quia
694 2140 745 2192 Ar·

311 2227 370 2278 ctos
386 2237 489 2278 oceano
505 2239 561 2279 555
572 2224 746 2292 immergitur,

310 2308 444 2375 positione
456 2324 551 2362 cursus
563 2309 678 2376 spherae
694 2309 745 2362 cir·

296 2365 298 2457 l
311 2391 420 2446 culatis.
446 2389 490 2462 οἴη
503 2388 529 2446 δ’
541 2388 675 2464 ἄμμορός
686 2389 748 2447 ἐστι

311 2475 440 2547 λοετρῶν
464 2469 614 2532 Ὠκεανοῖο
623 2477 652 2540 ³).
694 2477 747 2530 Sed
807 2473 849 2527 De
861 2474 1005 2543 Gigantum
1016 2478 1147 2545 sanguiue
1159 2494 1206 2532 na-

310 2557 746 2629 tabulas,quaeinseptentrionem
772 2565 816 2614 tus
835 2563 877 2615 est
1011 2562 1014 2570 '

311 2643 467 2700 suntfictae
483 2661 500 2700 5
518 2645 663 2700 Graecis
681 2662 746 2703 555-

310 2730 425 2785 treveri
442 2732 627 2800 propositum,
646 2731 744 2786 edisse-

91 2816 211 2886 Oalystn,
231 2815 283 2884 Ly·
296 2830 409 2869 cramus.
458 2815 581 2886 Galysto‚
608 2815 745 2885 Lycaonis
771 2813 890 2885 Lycaon,
913 2820 1045 2886 tyrannus
1064 2821 1204 2876 Arcadiae.

66 2902 148 2954 raonis
166 2900 231 2964 filia,
296 2874 743 2984 151555155153155115515555511-
771 2900 839 2954 llius
855 2900 938 2955 filiam
951 2901 1081 2959 Calliston
1099 2921 1160 2959 eum
1177 2906 1207 2959 in

310 2988 370 3038 tatu
397 2984 503 3040 Dianae
528 2985 652 3054 Iuppiter
685 2998 745 3037 cum
772 2983 901 3039 comitatu
942 2985 1047 3040 Dianae
1086 2988 1207 3056 luppiter

309 3068 432 3134 vidisset,
449 3070 478 3122 in
496 3085 613 3124 amorem
631 3068 744 3121 515515-
770 3067 891 3134 vidisset,
908 3069 938 3124 in
950 3085 1072 3124 amorem
1090 3073 1148 3126 eius
1165 3072 1206 3126 in-

311 3153 385 3217 cidit,
397 3152 692 3220 nactusqueareliquis
704 3167 745 3206 se·
774 3151 852 3217 cidit,
895 3157 922 3208 et
956 3169 974 3208 a
1013 3155 1122 3224 reliquis
1164 3172 1205 3211 se·

65 3291 260 3305 Ἢ.-

143 3381 168 3445 1)
186 3375 320 3447 Hyginum
337 3374 521 3428 additamenta
544 3373 755 3428 narratiunculis
778 3373 939 3444 inspersisse
961 3391 1017 3430 555
1038 3375 1145 3444 ignorat
1161 3379 1207 3448 qui

66 3457 246 3517 Astronomica
262 3461 291 3514 in
308 3459 422 3514 Roberti
439 3460 541 3514 catast.
560 3459 602 3514 ed.
621 3459 697 3528 legit,
721 3459 768 3513 scd
786 3460 830 3514 hic
853 3458 959 3529 quidem
977 3460 1010 3515 de
1027 3460 1207 3532 Frisiugensis

66 3541 250 3616 interpolatore
263 3544 380 3612 cogitare
391 3545 474 3599 malet
485 3547 532 3614 qui
544 3545 681 3614 acceperit
690 3560 758 3612 quae
770 3544 839 3598 idem
850 3544 897 3599 ille
908 3562 935 3614 p.
944 3547 993 3599 216
1001 3561 1041 3613 sq.
1052 3547 1206 3616 disputarit.

143 3635 168 3699 1)
186 3631 248 3686 1155
265 3630 293 3684 15
311 3645 343 3686 55
354 3629 472 3696 offendo,
491 3630 562 3699 quod
571 3637 649 3699 pater
657 3644 762 3698 poenae
773 3629 890 3685 filiorum
903 3633 945 3684 est
955 3631 1092 3699 particeps
1103 3662 1134 3672 -
1145 3647 1207 3686 nam

68 3715 120 3779 quis
137 3717 297 3779 demiretur,
317 3714 346 3768 id
365 3715 436 3784 quod
454 3715 638 3769 Bibliothecae
654 3714 854 3783 Apollodoreus
871 3721 967 3769 auctor
985 3715 1079 3781 tradit,
1102 3721 1206 3785 patrem

68 3799 256 3855 unacumiiliis
274 3799 387 3854 fulmine
404 3805 508 3854 tactum
517 3801 597 3857 esse?
611 3829 654 3868 -,
672 3799 720 3854 ssd
737 3799 810 3870 quod
826 3804 906 3868 pater
923 3815 956 3854 ex
973 3799 1079 3854 illorum
1096 3800 1207 3855 interitu

68 3892 198 3953 exemptus
216 3884 279 3939 huic
297 3890 352 3939 tam
370 3885 499 3954 singulari
516 3900 621 3958 poenae
638 3888 800 3952 reservatur,
820 3884 982 3939 cuiusnulla
990 3884 1207 3941 allatasitratio.

144 3973 170 4035 3)
186 3971 230 4023 Ita
249 3970 354 4024 correxi
371 3985 439 4038 quae
456 3971 485 4023 in
503 3969 672 4038 Tiliobrogae
690 3970 808 4025 editione
826 3971 947 4023 exstant:
966 3984 992 4024 5.
1006 3967 1023 4023 1.
1037 3983 1061 4023 e.
1072 3983 1098 4024 a.
1108 3969 1134 4025 d.
1145 3986 1170 4025 0.
1181 3986 1206 4024 a.

69 4063 97 4104 111.
109 4067 132 4108 o.
143 4071 168 4124 p.
180 4070 204 4109 a.
219 4071 242 4109 c.
254 4070 278 4109 e.
291 4055 323 4109 d.
332 4055 348 4108 i.
361 4059 484 4112 locaoov
496 4072 626 4120 οκεανος.
636 4054 770 4111 -Versus
781 4060 822 4109 est
834 4053 987 4108 homericus
997 4055 1101 4120 (2489.
1117 4059 1207 4122 5215).

1003 4141 1056 4191 22*
