2988 4728
500 275 542 330 De
560 274 687 331 Callistus
704 274 806 330 fabula.
1167 279 1227 338 357

70 447 196 512 minum
219 445 305 513 illius
328 446 402 513 aevi
424 454 547 514 mentes
569 468 631 514 non
654 450 755 514 multo
778 447 880 530 magis
903 467 940 515 eo
962 446 1170 532 inclinabant,
1194 455 1229 515 ut

69 569 167 615 suam
191 546 371 614 doctrinam
393 547 533 630 antiquis
556 547 731 615 inferrent?
765 547 901 616 Omnino
923 557 1093 633 postquam
1108 550 1229 618 Robert

71 649 218 716 ostendit
239 650 419 716 fabularum
442 650 532 717 illam
555 649 681 734 copiam
702 649 880 716 inconsulte
902 670 941 716 ac
961 656 1081 717 temere
1097 652 1229 719 carmini

70 751 290 819 astronomico
312 750 485 836 ascriptam
507 769 587 834 csse,
611 750 688 833 quid
703 752 834 818 tandem
849 759 1004 838 superest,
1027 753 1114 835 quod
1128 753 1228 820 ullam

71 852 151 920 fidei
168 854 343 920 memoriae
359 857 487 919 moveat
503 853 739 936 suspicionem?
776 854 877 921 Immo
892 855 964 922 rodi
978 855 1086 922 omnia
1101 854 1229 940 egregie

72 955 271 1022 conveniunt
285 954 424 1020 sacculo.
461 955 575 1037 Itaque
591 975 705 1022 censeo
728 977 889 1023 carmen
912 954 1118 1024 conditum
1140 977 1229 1025 csse

73 1057 295 1141 aliquanto
329 1061 421 1142 post
448 1056 620 1122 Hesiodi
653 1061 852 1141 tempora,
886 1058 958 1124 scd
989 1059 1230 1142 prinsquam
1298 1087 1304 1098 ·

74 1179 210 1227 rerum
233 1157 477 1226 caelestium
499 1179 565 1225 ars
588 1165 710 1240 atquc
733 1160 915 1243 cognitio
937 1159 1133 1244 aptioribus
1149 1159 1229 1244 phy-

13 1255 14 1264 ’
73 1262 152 1328 sicis
185 1260 301 1328 Ionicis
335 1258 507 1326 admodum
536 1266 631 1326 aucta
662 1261 701 1326 in
724 1261 932 1344 vulgarem
965 1261 1230 1345 pervenisset

13 1437 14 1466 ἶ
74 1362 275 1431 notitiam.

164 1463 215 1530 Ad
238 1463 382 1546 quintum
404 1470 512 1529 tamen
533 1483 635 1546 usque
652 1464 815 1534 saeculnm
832 1462 1029 1532 descendere
1042 1485 1101 1550 per
1116 1464 1231 1532 erroris

73 1566 164 1632 illius
186 1570 335 1632 naturam
358 1585 422 1631 non
444 1565 534 1647 licet;
558 1584 663 1648 neque
680 1565 776 1649 igitur
791 1565 967 1648 quidquam
982 1568 1012 1634 ei
1027 1567 1231 1635 tribuendum

13 1669 15 1758 ξ
75 1676 135 1750 est,
161 1667 257 1749 quod,
281 1673 316 1732 ut
337 1666 438 1734 schol.
453 1666 496 1732 ad
510 1668 602 1733 Arati
616 1668 674 1735 Ph.
694 1672 753 1732 172
777 1667 830 1750 (cf.
846 1668 888 1733 ad
904 1669 980 1751 254)
996 1669 1103 1751 tradit,
1116 1663 1232 1736 Ἡσίο-

14 2647 16 2739 t

75 1769 135 1843 ὂος
152 1765 185 1834 ἓν
200 1771 242 1854 τῇ
258 1766 396 1855 ἀοτρικῇ
413 1764 514 1833 αὐτοῦ
531 1819 538 1834 .
553 1820 560 1834 .
575 1820 582 1834 .
598 1769 705 1854 βίβλῳ
720 1768 885 1853 Hyadas
902 1770 1099 1837 onumeravit
1114 1771 1231 1851 quin·

76 1891 170 1955 que,
193 1879 228 1936 at
246 1871 357 1956 Θαλῆς
372 1870 432 1953 μὲν
449 1922 456 1936 .
475 1921 484 1935 .
501 1921 507 1935 .
523 1869 553 1953 β’
579 1864 682 1947 αὐτὰς
705 1865 799 1936 εἶπεν
815 1866 911 1949 εἶναι,
934 1869 994 1958 τὴν
1016 1870 1077 1955 μὲν
1098 1869 1232 1956 βόρειον

75 1970 138 2059 τὴν
167 1971 204 2036 δὲ
234 1970 360 2054 νότιον,
384 1965 571 2059 Εὐριπίδης
594 1972 630 2038 δὲ
653 1969 686 2039 ἓν
708 1975 757 2058 τῴ
781 1975 956 2039 Φαέθοντι
977 1971 1016 2059 γ’,
1039 1966 1174 2055 Ἀχαιὸς
1197 1973 1233 2038 δὲ

75 2073 117 2160 d‘,
139 2070 276 2151 Ἱππίας
300 2074 335 2140 δὲ
358 2077 413 2141 καὶ
431 2073 618 2162 Φερεκύδης
641 2073 666 2154 ζ
689 2074 837 2160 (quarum
854 2069 988 2143 ¹nomina
1003 2076 1233 2143 Eratosthenes

76 2176 182 2242 catal.
204 2177 298 2260 frg.3
322 2175 485 2261 servavit).
531 2178 611 2245 (ium
633 2177 775 2244 Hesiodo
806 2179 860 2261 qui
884 2184 1017 2246 vocatur
1045 2179 1078 2245 in
1100 2197 1232 2246 numero

75 2279 236 2347 consentit
256 2279 406 2345 Musaeus
429 2278 461 2345 in
484 2279 817 2363 orat.0ata1.frg.3;
840 2280 898 2346 sed
920 2279 1005 2348 hunc
1027 2281 1133 2364 mitto;
1157 2303 1233 2348 nam

76 2382 217 2448 incertus
239 2386 272 2447 et
292 2380 363 2465 ipse
387 2388 444 2447 est.
489 2380 556 2448 Sed
577 2381 754 2448 sententiae
776 2401 797 2446 a
822 2381 997 2450 scholiasta
1026 2387 1233 2448 enumeratae

78 2485 198 2552 docent
226 2502 393 2551 numerum
421 2502 485 2549 non
514 2503 586 2549 oum
613 2489 756 2567 tempore
785 2482 870 2549 iusto
898 2501 1070 2567 progressu
1104 2489 1231 2550 auctum

77 2605 162 2669 csso,
184 2585 242 2652 sed
265 2584 380 2653 eadem
403 2591 510 2651 aetate
533 2585 574 2653 ab
598 2585 648 2650 his
667 2591 732 2652 tres
748 2589 948 2668 quattuorve,
970 2587 1013 2653 ab
1028 2584 1094 2651 illis
1108 2589 1233 2670 septem

77 2707 151 2755 esse
173 2693 382 2771 monstratas,
406 2693 440 2753 ut
461 2688 737 2780 aliquantoprius
759 2688 858 2756 fuisse
881 2689 936 2770 qni
958 2688 1098 2773 quinque
1121 2688 1233 2756 stellas

15 2747 17 2904 ι
78 2787 278 2875 dispicerent
300 2809 393 2856 nemo
415 2791 517 2875 possit
531 2791 670 2858 infitiari.

168 2891 237 2956 Iam
259 2890 322 2957 huc
344 2893 462 2959 referre
484 2894 589 2960 ausim
612 2893 755 2976 Pkilc‘ppi
777 2893 920 2976 Opuntii,
950 2900 982 2959 et
1010 2894 1112 2977 ipsius
1133 2898 1233 2959 astro-

79 2993 184 3076 nomi,
213 2992 428 3060 testimonium
451 2994 565 3060 ceteris
593 2993 689 3074 longe
712 2992 873 3074 antiquius
901 2998 948 3074 et,
976 2992 1005 3057 si
1030 2992 1152 3057 nullum
1179 2992 1235 3058 ad-

79 3094 221 3161 mitteret
235 3096 430 3180 scrupulum,
453 3093 593 3161 omnium
609 3092 843 3179 gravissimum,
866 3091 923 3160 sed
938 3094 981 3158 ab
997 3093 1143 3158 omnibus
1160 3093 1234 3159 huc-

78 3215 182 3280 usque
209 3198 407 3281 neglectum:
437 3201 544 3264 exstat
566 3195 599 3262 in
622 3194 768 3280 Epinom.
790 3217 821 3280 p.
838 3198 929 3274 990³,
960 3194 1015 3261 nbi
1044 3193 1125 3261 hacc
1147 3200 1235 3261 sunt:

79 3292 239 3385 ἀγνοοῖτο,
263 3291 317 3365 ὅτι
333 3297 530 3385 σοφώτατον
547 3289 669 3384 ἀνάγκη
685 3293 744 3361 τὸν
761 3288 899 3382 ἀληθῶς
914 3287 1121 3380 ἀστρονόμον
1137 3292 1234 3378 εἶναι,

76 3397 123 3488 μὴ
153 3399 225 3466 τὸν
252 3401 350 3465 καθ’
375 3396 572 3466 Ἡσίοδον
601 3394 948 3479 ἆστρονομοῦντα
977 3399 1044 3465 καὶ
1074 3398 1236 3478 πάντας

78 3501 178 3580 τούς
200 3501 440 3583 τοιούτους,
464 3500 554 3568 οἷον
578 3499 732 3583 δυσμάς
754 3523 797 3566 τε
819 3502 885 3566 καὶ
909 3493 1119 3578 ἀνατολὰς
1138 3500 1236 3567 ἐντε-

79 3629 181 3688 οκεμ
189 3609 329 3688 μένον,
355 3599 439 3670 atta
462 3603 520 3670 τὸν
542 3607 609 3671 τῶν
632 3598 717 3671 ὀκτώ
740 3601 909 3689 περιόδων
930 3602 992 3681 τὰς
1014 3602 1102 3670 ἑπτὰ
1117 3602 1236 3688 περιό-

80 3707 160 3785 δους
175 3743 217 3754 -
233 3743 283 3774 -.
329 3706 418 3786 Quae
440 3705 483 3772 ad
505 3706 614 3792 Opera
635 3711 781 3791 spectare
806 3711 977 3791 propterea
1005 3726 1068 3773 non
1097 3704 1236 3790 credam,

83 3811 171 3895 quod
192 3811 225 3877 in
248 3803 324 3892 illis,
348 3810 408 3875 etsi
431 3816 517 3875 ortus
540 3815 571 3874 et
594 3828 726 3876 occasus
747 3827 921 3894 paucorum
942 3808 1084 3876 siderum
1099 3827 1235 3875 commc-

81 3912 197 3981 morati
218 3917 301 3997 sunt,
340 3932 403 3978 non
425 3916 602 3979 tractantur
626 3911 856 3994 astronomica,
885 3909 945 3978 sed
968 3910 1078 3978 oblata
1099 3915 1235 3978 tantum·

83 4014 180 4084 modo
207 4016 374 4082 occasione
396 4017 579 4099 tanguntur,
609 4019 722 4082 utnon
739 4015 834 4081 facile
854 4013 950 4082 liccat
965 4011 1008 4080 ad
1029 4010 1157 4078 illorum
1180 4035 1235 4082 au·
