2988 4728
263 375 326 434 308
706 370 875 427 Reinholdus
893 370 983 425 Franz

264 551 395 611 staret
424 545 473 610 ab
500 543 734 610 Arcadibus
763 542 1016 626 insecutis),
1049 541 1236 627 Iuppiter
1265 562 1434 610 suorum

261 645 645 730 misertusereptos
666 643 1181 711 intersideraoollocavit.
1185 635 1225 726 ἰ)
1258 637 1366 728 ‘Qui,
1388 651 1433 710 ιιι

262 753 470 831 resgesta
492 750 567 828 est
596 746 655 812 ιιι
676 751 853 828 manent
881 745 959 812 1lla
981 764 1099 812 ursae
1121 735 1280 812 natura
1285 750 1332 828 Β)
1354 745 1433 812 ille

263 869 394 917 ursam
424 847 652 930 sequensh),
681 854 929 933 quapropter
957 846 1033 912 illa
1055 846 1170 928 Ursa,
1198 845 1275 911 ille
1296 847 1431 915 Ursae

265 958 406 1017 eustos
426 949 674 1034 appellatur
713 947 752 1031 C)
768 949 936 1015 Interim
952 948 1099 1030 Diana,
1122 966 1224 1030 quae
1245 946 1432 1015 sodalem

264 1071 375 1119 suam
403 1050 503 1134 (cum
531 1050 731 1134 perfidam
758 1050 942 1134 duceret)
971 1050 1019 1115 ab
1046 1051 1140 1116 Iove
1162 1049 1241 1116 vim
1269 1070 1431 1135 passam

264 1172 355 1221 esse
377 1153 573 1234 ignorans
582 1151 635 1235 1)
626 1173 668 1219 ιιι
684 1152 859 1219 bestiam
875 1156 1156 1234 converterat,
1178 1171 1258 1216 rem
1281 1171 1429 1234 cogno·

264 1255 431 1338 vorati).
468 1255 615 1336 Itaque
632 1253 950 1338 (praecipitem'
941 1273 1042 1319 rram
1057 1251 1202 1319 dolens
1217 1274 1288 1337 pro
1306 1253 1431 1319 illata

264 1356 433 1439 iniuria)
455 1356 633 1439 gloriam
661 1356 731 1421 illi
759 1361 821 1421 ret
807 1355 970 1437 tribuit,
999 1375 1085 1422 cum
1115 1355 1287 1420 alteram
1310 1374 1430 1421 ursae

265 1458 465 1540 effigiem,
489 1476 590 1539 quae
613 1457 718 1524 Ursa
739 1457 868 1523 minor
890 1457 1118 1538 vocitatur,
1140 1457 1179 1522 in
1203 1456 1320 1524 caelo
1336 1475 1428 1522 con-

264 1559 423 1640 stituit,
446 1565 487 1624 ιιι
510 1557 711 1642 duplicem
733 1558 809 1623 illa
830 1557 1020 1624 honorem
1043 1557 1220 1623 haberet.

350 1662 388 1727 In
410 1660 472 1727 hac
493 1660 692 1745 narratione,
721 1679 818 1743 quam
847 1660 889 1725 ab
911 1659 1089 1743 Hesiodea,
1119 1660 1170 1726 cui
1196 1658 1344 1726 subiecta
1371 1663 1428 1740 est,

266 1761 366 1844 vulgo
389 1781 452 1829 non
475 1762 641 1845 dirimunt,
664 1762 771 1829 omnia
797 1781 901 1829 seram
924 1761 1063 1846 produnt
1090 1766 1246 1827 aetatem:
1277 1759 1429 1826 Immixta

267 1862 428 1947 Lycaonis
450 1863 599 1946 historia,
631 1863 772 1930 eminens
795 1863 956 1946 doctrina,
980 1865 1129 1945 neglecta
1150 1863 1280 1928 fabulae
1301 1867 1426 1928 natura.

350 1964 439 2044 Quae
469 1963 510 2031 de
539 1965 698 2049 Lycaonis
725 1965 866 2032 facinore
900 1965 1237 2040 c1rcumlerebantur1)
1275 1963 1429 2030 Callistus

263 2085 317 2131 res
338 2066 426 2131 nullo
450 2065 545 2131 modo
568 2066 726 2151 attingere
748 2086 806 2149 per
834 2086 870 2133 se
901 2066 1116 2149 intellegitur,
1144 2086 1203 2132 nec
1233 2085 1429 2149 quemquam

266 2165 369 2248 fugiet
391 2186 431 2231 ea
452 2184 494 2231 ne
515 2165 558 2230 ad
581 2167 665 2232 hanc
687 2167 816 2250 quidem
835 2169 1050 2235 narrationem
1067 2186 1139 2234 esse
1153 2166 1347 2249 necessaria,
1370 2163 1429 2232 sed

267 2286 339 2333 oum
362 2287 402 2334 ea
423 2273 491 2334 tam
513 2267 588 2333 laxe
611 2268 770 2353 copulata,
793 2273 828 2335 ut
815 2268 942 2335 tsalvo
964 2287 1070 2334 rerum
1093 2268 1205 2335 ordine
1227 2266 1333 2334 omitti
1355 2286 1427 2354 pos-

267 2369 339 2451 sint,
363 2368 446 2435 sicut
467 2361 586 2435 omissa
608 2376 682 2435 sunt
704 2391 725 2436 a
746 2369 922 2437 scholiasta
943 2372 1062 2436 Arateo
1085 2374 1117 2436 et
1103 2369 1262 2436 tOvidio
1302 2368 1429 2434 Inserta

265 2489 343 2552 ergo
366 2468 440 2538 ideo
463 2477 587 2537 tantum
610 2469 769 2554 ridentur,
791 2479 826 2538 ut
846 2474 977 2556 longum
999 2471 1149 2556 temporis
1167 2471 1316 2556 spatium,
1341 2469 1428 2553 quod

267 2569 420 2637 Callistus
441 2576 571 2654 parturn
592 2571 676 2637 inter
698 2577 732 2638 et
746 2578 850 2639 catast
850 2574 1000 2639 erismum
1016 2579 1074 2654 est,
1096 2574 1227 2657 paulum
1243 2573 1428 2657 expleretur

266 2689 327 2736 nee
349 2670 437 2737 nuda
459 2678 515 2738 aut
536 2674 673 2739 obscura
687 2675 919 2756 relinqueretur
940 2681 1008 2743 tota
1022 2673 1158 2740 Arcadis
1178 2674 1326 2759 pueritia.
1363 2675 1426 2740 Ita

353 2929 378 2991 e)
396 2922 493 2994 Hygss
484 2939 512 2976 m
531 2923 616 2979 Ursae
633 2925 697 2979 mai.
716 2925 815 2994 eapite
901 2926 922 2992 ι)
940 2926 1009 2995 Hyg
1105 2929 1132 2995 g)
1150 2925 1240 2981 Schol.
1260 2926 1352 2982 Germ.
1372 2925 1426 2980 BP.

350 3009 379 3074 ιι)
397 3008 480 3079 Hyp,
507 3008 544 3064 ef.
563 3008 639 3064 Cvid.
665 3009 740 3064 Fast.
759 3010 787 3064 11
807 3015 854 3066 190
879 3014 907 3066 et
929 3011 1024 3066 Avieni
1046 3010 1268 3080 Picenarum
1293 3009 1343 3076 (ιιι
1364 3010 1428 3066 licet

265 3094 385 3150 instanti
402 3093 498 3149 similis
516 3093 664 3163 similisque
680 3094 813 3164 minanti!
828 3101 904 3164 terga
920 3095 1029 3151 Helices
1046 3096 1123 3150 iuxta
1140 3100 1247 3163 premat
1264 3093 1387 3161 arduus).

352 3180 384 3246 C)
397 3179 499 3234 Catast.
513 3179 542 3232 11
558 3196 585 3249 p,
601 3185 632 3234 56
642 3180 713 3235 Rob.
723 3211 756 3219 -
766 3180 888 3249 Hyginus
900 3180 972 3234 hanc
984 3180 1216 3234 narratiunculam
1228 3179 1333 3248 omisit;
1346 3195 1426 3250 quarn

263 3263 337 3318 Rob.
356 3263 411 3317 huc
428 3265 572 3333 revocavit,
590 3265 626 3319 ad
643 3264 741 3320 Ursam
758 3265 877 3334 pertinet
893 3266 1031 3329 maiorem,
1051 3263 1085 3319 of.
1104 3280 1132 3334 p.
1152 3267 1201 3319 289
1212 3279 1270 3334 sqq.

351 3346 370 3412 ι)
387 3347 419 3400 In
436 3347 564 3416 Epitome
581 3353 691 3420 γνοῦσα
710 3349 832 3405 codicum
849 3350 878 3403 in
896 3342 1043 3422 ἀγνοοῦσα
1059 3348 1249 3416 corrigendum
1266 3363 1326 3404 esse
1344 3365 1427 3420 supra

267 3429 374 3486 ostendi
390 3447 418 3498 p.
438 3435 497 3486 291.

355 3515 385 3582 ιι)
402 3517 520 3581 Auctor,
545 3531 605 3572 curn
624 3517 693 3572 haec
710 3517 834 3587 lingeret,
862 3532 894 3572 ea
910 3517 1082 3586 potissimum
1099 3521 1163 3574 ante
1182 3518 1276 3575 oculos
1298 3518 1428 3578 habuisse
1478 3577 1479 3590 ,

264 3601 385 3664 videtur,
410 3615 479 3669 quae
496 3600 611 3670 Amphio
629 3601 771 3657 Hesiodeis
791 3602 948 3658 addiderat:
972 3617 1034 3656 nam
1053 3616 1114 3657 cnm
1132 3600 1244 3658 Callisto
1263 3602 1373 3660 Dianae
1393 3605 1427 3660 de
1478 3615 1479 3638 1

265 3683 322 3738 vitii
343 3687 455 3738 auctore
472 3684 624 3740 sciscitanti
642 3687 750 3754 eulpam
767 3686 820 3754 ipsi
837 3686 933 3740 tribuit
945 3687 1019 3754 (quia
1036 3686 1116 3742 huius
1129 3687 1220 3756 specie
1237 3689 1350 3744 indutus
1362 3690 1479 3759 lup·
1478 3679 1479 3734 l

264 3769 338 3837 piter
351 3783 410 3822 eam
427 3767 581 3836 fefellerat),
599 3776 657 3824 tum
669 3771 755 3839 probe
771 3770 951 3838 intellegimus
968 3770 1035 3825 deae
1053 3775 1081 3826 et
1096 3771 1275 3840 iracundiam,
1293 3773 1342 3828 ubi
1360 3773 1428 3828 Hlud

266 3853 369 3908 crimen
386 3852 497 3919 audiuit,
516 3857 544 3908 et
560 3854 765 3924 poenitentiam,
783 3854 831 3910 ubi
845 3854 964 3925 puellam
981 3869 1073 3909 verum
1086 3855 1187 3911 drxrsse
1198 3856 1300 3912 recent
1326 3857 1428 3913 Contra
1478 3869 1479 3944 q

265 3937 379 3992 Hesiodi
397 3953 430 3992 ex
447 3942 537 3992 mente
554 3938 667 3994 Callisto
685 3954 800 4008 poenam
818 3939 880 3993 tulit
897 3939 999 3994 merito.
1478 4007 1479 4016 ἵ

334 4025 359 4087 1)
378 4021 544 4090 Inquisirit
535 4037 564 4077 ιιι
581 4022 654 4078 hanc
670 4022 800 4087 fabulam,
818 4037 900 4092 quam
921 4023 967 4077 alii
984 4023 1018 4078 de
1035 4023 1177 4093 Lycaone,
1202 4025 1250 4079 alii
1267 4025 1301 4080 de
1318 4025 1479 4096 Lycao·
1478 4019 1479 4060 ἶ

265 4103 336 4160 nidis
354 4106 512 4176 narrabant,
530 4107 566 4162 H.
585 4107 619 4161 D.
639 4107 747 4172 Moller,
764 4103 860 4175 ‘Myon
879 4106 905 4161 ιι,
924 4123 964 4175 gr.
983 4102 1109 4163 Stbmme'
1127 4109 1154 4163 11
1171 4126 1199 4178 p.
1219 4111 1251 4163 83
1261 4124 1320 4178 sqq.
