2958 4734
238 254 300 313 236
679 254 846 311 Reinholdus
865 255 954 310 Franz

241 447 335 493 nemo
359 428 474 511 omnia,
498 428 552 493 vix
575 447 655 494 unus
678 429 823 510 alterque
844 429 938 512 plura
959 447 1181 512 composuere,
1205 449 1268 494 non
1294 429 1410 513 dispo·

241 549 333 595 suere
357 530 548 611 testimonia,
572 550 641 594 cum
666 530 810 612 plerique
825 531 904 596 satis
919 530 1074 596 haberent
1095 529 1208 596 obvios
1230 528 1413 596 dumtaxat

240 634 411 698 nonnullos
440 631 591 698 laudasse
621 639 782 714 auctores;
812 631 866 714 qui
889 651 971 715 quae
994 630 1168 699 memoriae
1190 631 1411 714 prodiderunt

240 753 311 798 cum
329 735 457 799 minime
473 733 653 799 sufficerent
669 734 712 799 ad
727 732 991 816 cognoscendum,
1015 732 1092 816 quid
1114 751 1239 814 quoque
1255 739 1409 817 tempore

240 835 280 901 de
297 835 431 900 Callisto
448 842 609 899 narratum
626 842 711 901 esset
726 843 781 900 aut
792 834 957 917 creditum,
973 833 1099 916 accidit,
1117 842 1151 899 ut
1165 835 1218 900 vel
1233 841 1408 919 spectatae

238 937 300 1001 viri
323 935 486 1001 doctrinae
508 956 567 1019 per
596 935 791 1017 singulorum
822 936 951 1001 fabulae
979 933 1150 1018 graduum,
1181 936 1406 1003 obscuriorum

238 1037 449 1121 potissimum,
466 1037 665 1104 inscientiam
682 1037 725 1102 ad
739 1037 822 1103 falsa
842 1037 961 1103 iudicia
976 1036 1182 1103 deferrentur.
1219 1037 1312 1116 Quae
1328 1060 1404 1105 cum

238 1139 285 1203 ita
306 1138 379 1222 sint,
402 1139 469 1205 fore
492 1137 627 1222 confido,
650 1143 763 1205 utnon
785 1139 859 1206 litus
876 1138 998 1222 videar,
1020 1138 1078 1205 sed
1093 1139 1233 1222 agellum
1250 1146 1405 1206 araturus

240 1259 323 1322 esse,
346 1241 400 1321 qui
426 1243 547 1306 fructus
569 1241 692 1321 aliquid
714 1242 887 1325 promittat.

323 1343 429 1426 Atque
452 1343 485 1406 in
508 1343 614 1407 animo
637 1342 716 1407 mihi
738 1349 787 1407 est
809 1342 938 1408 fabulae
961 1347 1071 1408 texere
1100 1341 1281 1425 historiam,
1314 1362 1402 1424 quae

239 1445 267 1509 si
281 1465 344 1510 non
361 1444 420 1508 erit
434 1444 530 1528 plena
546 1480 586 1490 -
608 1443 651 1508 ad
671 1443 845 1528 primordia
861 1443 944 1508 enim
961 1444 1101 1509 tenebris
1117 1443 1270 1510 obvoluta
1285 1463 1401 1510 ascen·

239 1547 315 1612 dere
337 1566 399 1611 non
423 1546 577 1629 conabor,
600 1545 750 1628 quoniam
772 1545 804 1611 in
827 1545 906 1610 istas
928 1546 1074 1626 regiones
1097 1544 1289 1611 inoffensum
1312 1545 1400 1611 ferre

238 1648 353 1733 pedem
376 1647 432 1730 qui
455 1647 584 1714 doceret
604 1648 743 1714 nondum
759 1648 881 1714 exstitit
899 1683 947 1730 -,
970 1655 1005 1714 at
1026 1647 1132 1714 omnia
1155 1647 1398 1731 complectetur,
1437 1665 1438 1668 ’

240 1769 323 1831 quae
346 1750 387 1816 de
408 1749 519 1815 fabula
541 1769 598 1833 per
620 1750 742 1816 litteras
765 1757 944 1835 propagata
966 1749 1103 1816 dicenda
1125 1756 1225 1813 erunt.

324 1850 507 1933 Inquirendi
534 1851 632 1933 igitur
657 1850 782 1917 initium
811 1872 875 1917 non
902 1852 944 1916 ab
975 1850 1074 1916 initiis
1103 1852 1226 1936 capiam
1254 1851 1398 1934 fabulae,
1437 1867 1438 1906 1

238 1954 347 2035 qualia
362 1973 432 2017 cum
449 1953 588 2018 omnium
611 1971 709 2036 prope
726 1973 881 2019 consensu
897 1951 1076 2018 Odolredns
1091 1951 1207 2018 Muller
1221 1953 1396 2036 constituit,
1437 1969 1438 2018 ῖ

238 2054 296 2121 sed
319 2055 361 2119 ab
384 2054 430 2119 eis
453 2061 596 2120 veterum
620 2055 818 2136 testimoniis,
842 2072 925 2135 quae
947 2061 982 2118 ut
1001 2054 1225 2136 antiquissima
1247 2054 1292 2118 ita
1315 2055 1397 2118 nulli

238 2157 429 2223 dubitationi
451 2155 592 2221 obnoxia
614 2162 695 2239 sunt,
718 2163 815 2240 atque
837 2155 871 2222 id
893 2175 1005 2238 agam,
1029 2163 1065 2222 ut
1092 2155 1234 2238 singulas
1262 2155 1396 2221 fabulae
1437 2181 1438 2246 ι

237 2260 356 2324 formas
385 2277 425 2322 ex
455 2257 633 2323 litterarum
660 2260 885 2340 signorumque
911 2258 1138 2338 monumentis,
1168 2262 1324 2338 quotquot
1352 2278 1394 2324 ex
1437 2257 1438 2340 s

238 2360 425 2443 antiquitate
447 2360 559 2426 relicta
580 2360 660 2427 mihi
681 2361 899 2444 innotuerunt,
928 2360 1098 2443 indagatas
1128 2379 1222 2442 quam
1252 2359 1395 2428 maxime
1437 2387 1438 2450 3

237 2468 350 2546 potero
373 2461 527 2543 refingam
552 2471 584 2528 et
606 2465 780 2548 explorem,
804 2484 867 2547 quo
889 2469 1018 2530 auctore
1041 2470 1097 2527 aut
1119 2460 1337 2543 quandofere
1361 2468 1395 2528 et

238 2581 300 2644 quo
323 2561 418 2627 modo
441 2568 531 2629 ortae
552 2563 615 2629 sint
637 2585 676 2629 ac
698 2572 855 2645 quatenus
876 2565 1064 2646 pertineant.
1108 2562 1268 2647 Ordinem,
1293 2582 1393 2645 quan-

236 2672 302 2729 tum
319 2683 376 2746 per
386 2683 453 2727 rem
470 2663 588 2747 licebit,
604 2683 721 2746 sequar
736 2665 898 2748 temporis.
925 2665 1032 2731 Semel
1048 2671 1153 2730 autem
1165 2672 1262 2748 atque
1278 2665 1392 2732 iterum
1437 2667 1438 2698 ³

236 2767 270 2831 in
292 2764 490 2830 deverticula
511 2766 609 2832 ferar:
638 2766 799 2850 oportebit
821 2767 904 2830 enim
927 2766 970 2831 ad
991 2765 1230 2850 exsequendam
1260 2767 1391 2834 fabulae
1437 2775 1438 2788 ³

237 2867 402 2934 historiam
426 2868 625 2935 accuratiora
640 2887 735 2950 quam
751 2868 857 2934 adhuc
878 2868 995 2934 iactum
1020 2877 1069 2935 est
1090 2869 1233 2934 inuenire
1256 2889 1325 2934 cum
1349 2869 1391 2935 de

237 2971 384 3053 epitomis
417 2990 458 3036 ex
486 2970 594 3036 Ovidii
622 2971 920 3056 Metamorphoseon
953 2970 1042 3035 libris
1070 2971 1234 3036 confectis¹
1253 2977 1318 3037 tum
1348 2971 1390 3038 de
1437 2967 1438 3030 ἶ

236 3072 448 3138 astronomico
478 3072 564 3157 quod
587 3071 729 3138 Hesiodo
758 3071 927 3138 ascribitur
953 3073 1093 3138 carmine
1122 3073 1164 3136 ab
1195 3071 1269 3136 aliis
1297 3073 1390 3138 aliter
1437 3061 1438 3064 ¹

237 3173 415 3254 aestimato,
439 3176 524 3256 quod
540 3180 657 3259 tamen,
678 3195 719 3239 ne
735 3175 930 3256 quaestionis
946 3181 1087 3239 tenorem
1102 3173 1197 3238 nimis
1218 3173 1388 3258 tardarem,
1437 3163 1438 3200 ¹

236 3275 269 3338 in
291 3273 355 3338 fine
378 3276 476 3341 malui
498 3284 678 3361 separatum
702 3281 848 3342 tractare.
1437 3263 1438 3272 ἵ

321 3375 411 3442 Haec
425 3377 662 3460 praemonenda
684 3377 801 3460 censui,
824 3377 852 3441 si
874 3378 945 3458 quis
966 3375 1044 3441 mihi
1066 3378 1269 3464 aliquatenus
1291 3379 1387 3444 vellet

236 3498 343 3545 comcs
365 3479 520 3546 exsistere
542 3480 673 3545 iamiam
688 3478 773 3542 viam
795 3477 987 3561 ingredienti
1008 3499 1066 3563 per
1081 3480 1187 3545 ruinas
1202 3481 1387 3564 plerumque

204 3603 206 3608 ¹
235 3601 273 3646 ac
295 3581 404 3665 spinas
426 3581 611 3664 flexuosam,
634 3579 735 3645 rarius
758 3601 816 3664 per
837 3599 972 3646 amoena
993 3583 1141 3664 cultaque
1163 3583 1235 3650 loca
1257 3589 1385 3667 rectam,

234 3683 267 3747 in
284 3683 390 3765 quasi
405 3684 486 3750 forte
501 3684 533 3749 in
548 3683 788 3769 praetereundis
803 3703 866 3748 non
877 3702 1038 3764 nunquam
1053 3685 1148 3750 nimis
1164 3692 1384 3769 commoratus,
1437 3677 1438 3746 l

233 3786 267 3850 in
289 3785 397 3852 arduis
420 3786 516 3852 etiam
545 3789 654 3871 lapsus
676 3784 802 3868 videar,
832 3787 928 3852 venia
950 3785 1028 3851 mihi
1051 3787 1093 3853 sit
1119 3788 1238 3872 primos
1261 3805 1384 3869 gressus

234 3889 412 3972 temptanti.
1114 3895 1116 3902 ’
