2988 4728
254 259 318 318 336
696 259 863 314 Reinholdus
880 259 970 314 Franz

348 505 351 512 Ι
454 431 541 495 [act.
1021 431 1152 515 Argum.

254 548 334 612 -in
343 567 485 614 amorem
497 548 566 614 eius
578 547 738 612 incidit-
768 547 852 612 -in
866 549 1016 615 Callistus
1031 600 1053 615 ..
1067 600 1074 615 .
1088 551 1202 618 incidit
1213 575 1362 622 amorem
1378 595 1417 602 -

254 685 296 694 -—
317 649 414 715 enixa
437 655 485 715 est
507 650 676 732 parvulum
698 685 741 693 —
769 666 918 729 -quem
942 656 1012 716 erat
1034 652 1129 718 enixa
1150 690 1204 736 —,

253 768 312 834 sed
341 769 438 834 etiam
467 767 530 835 duo
558 767 777 834 additamenta
805 768 847 833 ab
870 768 986 836 Ovidio
1013 771 1120 837 aliena
1148 773 1180 838 in
1204 776 1417 860 Argumentis

253 868 403 934 redeunt:

382 985 482 1068 Myth.
494 987 565 1053 Vat.
582 988 613 1052 lI
991 992 1122 1074 Argum.
1137 994 1153 1059 1
1170 999 1189 1058 6

298 1107 353 1170 De
392 1105 606 1189 Gigantum
649 1127 737 1172 san·
803 1107 1415 1198 DcGigantumsanguinenati

252 1206 742 1291 guinenatusestLycaon,
768 1227 863 1289 quam
886 1210 1043 1292 sacrilega
1065 1219 1171 1281 mente
1194 1219 1315 1283 versati
1339 1221 1413 1305 sint,

254 1314 453 1392 tyrannus
475 1307 686 1374 Arcadiae.
767 1310 970 1393 Lycaonis
1020 1319 1156 1381 testatur
1215 1322 1412 1404 exemplum.
1490 1375 1491 1382 ,

768 1411 830 1489 Qui
851 1418 1048 1496 tyrannus
1071 1417 1275 1486 Arcadiae
1298 1459 1341 1468 -—

290 1547 380 1612 Serv.
403 1545 447 1612 ad
470 1545 585 1628 Georg.
602 1547 694 1611 1246
958 1550 1089 1633 Argum.
1105 1553 1138 1618 ΙΙ
1154 1559 1183 1619 5.
1202 1560 1220 1620 6

256 1662 332 1729 add.
348 1663 418 1730 cod.
435 1657 663 1746 Regin.:‘nam
678 1683 738 1728 re·
768 1702 809 1713 -
830 1666 913 1732 inter
935 1675 1101 1736 caetera
1121 1672 1265 1740 sidera
1286 1677 1412 1760 liquore

253 1764 743 1847 liquasignadicuuturomni
768 1788 830 1833 non
852 1769 1036 1848 tingitur.

253 1873 346 1933 nocte
368 1867 401 1932 in
423 1885 543 1933 oceano
567 1859 687 1950 tingi?

339 1987 399 2065 Qui
427 1989 623 2069 Argumenta
658 1989 794 2054 confecit
827 1989 942 2055 misere
974 1995 1136 2062 consuisse
1163 1995 1293 2065 videtur
1327 2021 1411 2084 quae

254 2109 295 2154 ex
318 2088 434 2155 Ouidio
456 2090 592 2172 sumpsit
619 2095 651 2154 et
673 2109 755 2171 quae
782 2090 852 2175 ipse
874 2091 980 2176 finxit,
1008 2114 1092 2176 quae
1119 2096 1153 2161 in
1181 2107 1411 2172 commentario

252 2190 331 2273 legit
364 2195 493 2255 narrata
527 2209 675 2273 quaeque
704 2190 873 2274 adnotata3
908 2214 982 2259 nam
1010 2196 1123 2262 horum
1152 2201 1294 2268 omnium
1323 2214 1412 2273 certa

253 2299 380 2359 exstant
402 2291 579 2376 vestigia,
570 2311 603 2357 ιιι
626 2291 687 2358 hac
707 2295 889 2360 narratione
911 2315 973 2365 non
990 2296 1092 2363 minus
1115 2319 1210 2381 quam
1234 2305 1266 2369 in
1291 2308 1411 2394 aliis1).

252 2394 343 2472 Quae
359 2393 478 2476 Ovidii,
501 2411 584 2475 quae
599 2393 700 2477 ipsius
715 2394 787 2476 sint,
809 2394 905 2461 facile
920 2398 974 2479 qui
992 2399 1107 2481 legerit
1122 2403 1303 2490 dignoscet;
1328 2429 1412 2492 quae

253 2516 324 2562 cum
347 2495 525 2577 antiquiore
548 2495 686 2578 epitome
709 2495 933 2581 conspirarent,
959 2519 1057 2586 supra
1077 2502 1234 2571 indicavi·
1226 2527 1345 2590 ‚quae
1369 2532 1411 2578 ex

253 2597 473 2663 commentarii
496 2596 640 2663 doctrina
662 2617 829 2680 superesse
852 2621 1008 2683 censeam,
1032 2625 1116 2668 nunc
1138 2606 1273 2676 addam:

251 2699 390 2782 primum
412 2694 547 2764 verba‘
551 2701 661 2766 circa
688 2705 856 2765 montem
878 2703 1149 2773 Nonacrinum
1175 2711 1409 2804 Arcadiae',
1490 2765 1491 2790 ι

252 2820 290 2865 ao
312 2800 448 2866 fortasse
471 2799 567 2866 etiam
590 2820 673 2884 quae
691 2801 966 2884 subsequuntur‘·
958 2828 990 2872 m
1013 2826 1075 2889 quo
1097 2811 1222 2889 genitus
1244 2817 1408 2887 existima·

195 2945 199 2952 -
252 2893 328 2985 tur',
358 2920 540 2984 quanquam
568 2902 651 2968 falsa
679 2911 814 2968 sunt—
842 2927 913 2973 cum
936 2909 1115 2977 Nonacrino
1144 2913 1228 2979 enim
1258 2920 1409 2988 confusus

251 3010 300 3071 est
321 3023 412 3070 mons
435 3006 636 3087 Lycaeus—
652 3012 684 3070 et
705 3026 726 3071 a
748 3008 890 3089 quolibet
915 3010 992 3076 addi
1017 3018 1188 3097 potuerunt
1215 3037 1279 3084 non
1302 3022 1408 3088 minus

252 3126 346 3190 quam
370 3126 452 3190 quae
474 3107 569 3192 paulo
596 3108 706 3191 post
696 3115 816 3174 mserta
841 3117 915 3176 sunt
934 3107 973 3175 A
999 3113 1130 3182 Graccis
1152 3122 1259 3184 autem
1282 3121 1406 3208 Helice,

251 3231 271 3274 a
293 3229 351 3280 nos
353 3209 410 3273 tris
432 3212 605 3290 septentrio
627 3204 851 3295 nuncupatur;

250 3310 366 3375 deinde
395 3306 527 3374 verba‘
531 3318 572 3376 ut
600 3319 741 3380 auctor
767 3315 970 3382 Hesiodus
999 3316 1168 3387 indicat.
1213 3325 1284 3392 Vel
1312 3329 1406 3398 alii:

337 3494 361 3558 1)
378 3492 511 3546 Multam
525 3493 699 3561 Argumentis
717 3501 751 3554 ab
769 3499 915 3568 interpolet
916 3501 1009 3556 oribus
1027 3503 1121 3558 addite
1139 3513 1203 3561 sunt
1219 3511 1352 3580 (exempla
1370 3531 1406 3570 ex

250 3577 397 3632 innumeris
409 3591 499 3645 pauca
512 3593 595 3648 supra
606 3580 634 3633 in
650 3598 678 3651 p.
691 3585 742 3636 264
754 3583 815 3637 adn.
832 3589 842 3637 1
857 3584 953 3652 attuli),
972 3587 1017 3654 qui
1029 3590 1118 3644 anate
1130 3591 1329 3664 Mythographc
1341 3598 1404 3656 Vat.

249 3664 338 3733 primo
354 3663 497 3717 inferiores
509 3667 595 3719 erant.
626 3665 767 3721 Haect
718 3668 767 3735 rgit
767 3684 801 3722 ur
811 3670 911 3739 ubique
928 3673 1092 3728 secernenda
1105 3682 1177 3744 sunt,
1194 3678 1356 3750 priusquam
1369 3687 1405 3740 de

248 3749 341 3804 fabula
358 3747 470 3804 iudices.
506 3748 548 3802 Ne
570 3754 661 3805 tamen
679 3751 795 3822 opineris
820 3770 890 3824 quac
912 3758 947 3811 ab
965 3757 1058 3812 Ouidio
1077 3759 1166 3814 aliena
1183 3763 1239 3818 sint
1256 3780 1318 3822 esse
1336 3769 1405 3826 item

248 3835 423 3904 interpolata,
436 3833 470 3888 de
482 3834 549 3902 Argi
560 3834 654 3890 fabula
665 3839 693 3892 to
705 3854 809 3909 moneo,
821 3841 849 3894 in
862 3842 1104 3911 quaArgum110‚
1116 3843 1252 3919 Mythogr.
1263 3851 1403 3922 Vanus,

248 3918 374 4056 Epitomp
388 3919 517 4058 (gregim
509 3935 537 3972 m
549 3919 691 3977 Westerm
709 3923 844 3994 Mythogr.
861 3942 888 3995 p.
902 3932 951 3981 341
968 3929 1039 3982 inter
1052 3945 1083 3986 se
1095 3935 1276 4005 consentiunt,
1294 3938 1402 3996 dissen-

248 4003 354 4056 tiunta
413 4018 439 4055 ιι
468 4018 484 4056 o
