2988 4728
489 261 530 317 De
549 261 676 318 Callistus
694 262 796 318 fabula.
1158 267 1222 326 313

62 455 90 517 p.
109 437 169 498 124
182 432 285 516 sqq),
317 433 399 500 hanc
427 434 532 518 posita
560 455 616 519 pro
646 434 852 501 fundamento
875 435 1010 502 Hesiodi
1040 438 1222 508 narratione

63 534 136 600 satis
165 534 284 601 habuit
308 532 424 602 idoneo
451 535 540 602 exitu
568 535 773 620 amplificare.
818 537 996 604 Protulitne
1018 537 1114 620 igitur
1136 539 1221 608 hanc

63 643 215 721 tanquam
240 657 280 703 ex
302 642 408 702 mente
430 636 578 721 priorum,
603 637 737 702 Hesiodi
759 642 791 703 et
804 638 985 723 Amphidis,
1008 639 1098 705 illam
1121 659 1139 704 e
1161 661 1221 708 sua

62 737 182 821 ipsius?
212 738 343 804 Illorum
358 738 538 804 narratione
554 738 666 822 Ursae,
682 738 783 823 ipsius
797 740 946 805 Plaustra
963 739 1220 826 explicabantur.

63 839 240 922 Utramque
268 859 378 905 veram
401 839 520 906 habere
549 846 606 905 aut
627 839 733 906 dicere
761 859 824 905 non
852 841 971 927 potuit,
1003 840 1060 907 sed
1082 843 1219 909 alteram

63 940 151 1007 alteri
167 960 332 1026 opponere
348 939 467 1007 debuit.
505 939 564 1007 dui
580 960 655 1008 vero
671 961 788 1007 novam
806 963 897 1009 suam
911 944 1218 1029 interpretationem,

64 1061 141 1123 quae
164 1041 310 1125 videtur,
341 1042 505 1128 opposuit,
536 1063 608 1108 earn
629 1043 717 1126 prius
740 1045 783 1110 ad
805 1065 902 1112 unum
924 1046 1051 1128 signum
1074 1054 1219 1129 spectan-

62 1149 119 1210 tem
141 1145 216 1230 ipse
233 1143 362 1210 demum
384 1143 430 1210 ita
451 1142 620 1210 adornavit
636 1151 668 1211 et
690 1146 789 1227 auxit,
812 1151 848 1212 ut
870 1146 934 1211 iam
958 1148 1018 1213 tria
1041 1146 1134 1228 signa
1157 1168 1221 1215 una

64 1245 359 1333 comprehenderet.
396 1246 487 1326 Quae
503 1265 554 1312 res
577 1247 620 1312 ad
643 1253 730 1314 recte
748 1247 981 1315 aestimandam
999 1249 1220 1316 Eratosthenis

63 1368 190 1430 operam
215 1367 254 1415 ac
276 1347 431 1414 rationem
455 1348 563 1430 magni
585 1347 737 1416 momenti
760 1353 817 1416 est.

142 1450 240 1517 Prior
261 1448 401 1516 narratio
424 1449 458 1515 in
481 1449 715 1516 Catasterismis
742 1449 776 1514 in
797 1449 844 1516 ΙΙΙ
865 1450 1039 1535 particulas
1062 1453 1222 1538 discerpta

62 1549 237 1635 legebatur.
283 1551 348 1617 Sed
371 1571 442 1618 cum
470 1553 570 1636 probe
599 1552 744 1636 intellegi
769 1572 833 1618 non
855 1553 956 1637 possit
984 1554 1046 1620 nisi
1069 1554 1221 1622 membris

63 1651 90 1716 in
118 1674 220 1721 unum
250 1672 364 1738 corpus
393 1653 588 1738 recollectis,
621 1674 693 1720 meo
727 1653 796 1719 iure
830 1653 909 1718 mihi
937 1653 1051 1722 videor
1078 1661 1219 1722 statuere

63 1753 305 1822 Eratosthenem
328 1773 399 1820 eam
422 1755 605 1821 continuam
628 1752 812 1819 exhibuisse
839 1759 871 1820 et
900 1754 1142 1839 epitomatorem
1165 1756 1219 1824 de·

64 1874 153 1941 num,
178 1863 216 1923 ut
237 1877 327 1923 suam
351 1855 464 1938 cuique
487 1857 576 1940 signo
599 1855 786 1922 attribueret
808 1856 1008 1941 particulam,
1035 1865 1221 1924 contextum

66 1955 261 2025 dissolvisse.
306 1956 400 2038 Quod
422 1957 450 2023 si
471 1957 505 2042 in
528 1955 589 2024 hac
611 1955 849 2024 concedendum
872 1963 921 2024 est
943 1959 1134 2042 narratione,
1157 1981 1221 2026 non

64 2059 162 2126 ninus
187 2060 276 2126 valet
297 2060 330 2124 in
353 2059 476 2143 ceteris,
500 2079 582 2143 quae
606 2058 763 2126 eiusmodi
785 2064 874 2142 sunt,
904 2064 939 2125 ut
961 2080 1002 2127 ex
1024 2079 1087 2126 una
1109 2061 1220 2127 fabula

64 2163 227 2247 complura
249 2162 341 2244 signa
368 2163 574 2245 explicentur.
618 2161 733 2242 Neque
760 2161 911 2227 universa
937 2162 1109 2230 memoriae
1137 2163 1220 2229 ratio

64 2261 183 2329 obstat:
206 2283 281 2328 nam
297 2263 417 2330 Robert
432 2263 665 2330 demonstravit
687 2265 729 2346 (p.
747 2266 797 2338 33)
815 2262 1060 2330 Gatasterismos
1080 2258 1115 2329 ‘a
1136 2264 1220 2348 prin-

64 2363 139 2447 cipio
164 2364 251 2428 hanc
272 2366 406 2429 formam
428 2384 492 2429 non
520 2364 687 2444 habuisse,
717 2363 775 2442 sed
797 2368 912 2445 postea
934 2362 1062 2428 demum
1090 2363 1124 2428 in
1147 2385 1220 2431 eam

64 2467 209 2532 redactos
231 2456 328 2545 esse',
352 2465 394 2529 ab
417 2485 455 2531 eo
473 2464 604 2548 scilicet,
627 2464 682 2545 qui
698 2462 917 2529 Eratosthenis
939 2464 1057 2530 librum
1078 2463 1113 2529 in
1136 2484 1221 2530 oom-

64 2567 214 2645 pendium
229 2565 439 2650 contraheret,
454 2573 489 2633 ut
501 2564 750 2649 mythologicum
765 2565 798 2630 in
807 2566 940 2632 Aratum
956 2566 1221 2633 commentarium

66 2674 275 2754 componeret.

605 2775 676 2847 §2

143 2873 290 2954 Utraque
321 2871 540 2957 interpretatio
569 2872 655 2957 apud
683 2874 877 2957 posteriores
907 2892 1055 2957 magnam
1084 2872 1220 2938 auctori·

65 2973 158 3038 tatem
176 2973 271 3057 cepit,
293 2974 447 3040 maiorem
462 2979 567 3040 tamen
583 2974 694 3055 altera,
717 2992 800 3055 quae
815 2970 858 3038 ad
880 2973 964 3038 Icari
978 2971 1133 3046 familiam
1149 2992 1221 3057 per·

66 3071 203 3160 tinebat;
226 3075 308 3141 haec
323 3075 407 3141 enim
423 3093 521 3157 quam
534 3073 702 3139 familiaris
716 3072 813 3140 fuerit
827 3072 990 3154 Romanis,
1013 3072 1098 3137 nube
1114 3092 1220 3139 exem-

68 3174 187 3255 plorum
217 3177 356 3244 ostendit
377 3177 485 3243 Mases
512 3194 543 3257 p.
567 3178 606 3238 87
622 3194 692 3259 sqq.
737 3173 863 3255 Altera,
894 3190 958 3253 qua
987 3170 1120 3238 Callisto
1149 3194 1222 3240 cum

66 3275 187 3344 Arcade
206 3279 237 3343 in
253 3279 344 3345 caelo
360 3277 604 3360 monstrabatur,
620 3297 662 3344 ne
677 3276 719 3344 ab
734 3274 881 3342 omnibus
895 3273 1097 3359 reciperetur,
1119 3275 1172 3341 vel
1187 3274 1221 3340 id

68 3372 269 3462 impediebat,
293 3380 380 3462 quod
394 3379 509 3446 similis
524 3378 627 3445 forms
642 3375 834 3446 Callimachi
855 3377 982 3443 nomine
999 3376 1223 3444 commendata

68 3494 133 3548 curn
158 3502 197 3550 ea
219 3484 372 3549 certabat.
1115 3481 1132 3514 ⁰

147 3586 186 3651 In
209 3585 393 3668 compendia
413 3585 495 3651 haec
516 3584 652 3651 fortasse
680 3581 751 3648 sola
778 3579 917 3662 transii13
946 3586 1031 3647 certe
1056 3581 1093 3646 in
1121 3580 1220 3647 schol.

70 3675 158 3753 Hom.
173 3690 214 3766 (Σ
227 3689 302 3766 487)
325 3693 358 3754 et
372 3686 414 3753 ad
429 3685 624 3752 Pausaniam
638 3683 667 3768 (Ι
683 3687 734 3766 25,
753 3688 779 3748 1.
802 3682 879 3748 VIII
894 3685 923 3763 3,
939 3681 972 3765 6)
993 3687 1091 3765 atque
1112 3682 1221 3765 aliquo

70 3780 198 3854 circuitu
219 3788 253 3853 in
274 3788 464 3873 Apollodori
477 3788 560 3854 Bibl.
578 3786 640 3870 (111
656 3788 684 3868 8,
702 3786 736 3864 2)
759 3791 792 3850 et
813 3781 857 3849 ad
870 3782 1043 3848 Libanium
1065 3787 1107 3866 (p.
1128 3783 1223 3866 1101)

71 3880 316 3955 delhnrscheam
325 3889 466 3956 vidimus
474 3889 578 3956 solam
589 3887 791 3972 pervenisse
806 3904 866 3951 nec
880 3885 945 3950 ianr
958 3883 1131 3968 dubitatur,
1144 3885 1221 3966 quin

71 3981 98 4050 hi
110 4007 149 4056 ex
158 3989 357 4075 compendiis
368 3991 542 4057 hauserint.
566 3989 753 4055 Debuerant
765 3993 872 4053 autem
881 3985 1120 4070 hancarripere,
1132 4005 1221 4072 sper-

114 4099 229 4152 haiprlger
242 4099 343 4143 Studien.
356 4099 405 4140 llll.
462 4145 469 4156 .
1035 4088 1065 4139 21
