2988 4728
257 337 320 397 312
692 338 860 394 Reinholdus
877 337 967 393 Franz
1481 417 1482 456 1

256 509 473 594 scriptumest
496 509 623 596 ἱστορεῖ
639 500 881 598 Ἐρατοσθένης
904 506 938 574 ἓν
960 521 1032 586 τοῖς
1054 506 1174 574 ἑαυτοῦ
1196 509 1415 596 καταίόγοις;

258 612 344 695 quod
357 618 579 696 argumentum
599 618 634 678 ut
654 612 703 678 illi
719 612 865 697 eriperet,
888 611 1028 677 Maassio
1043 631 1106 677 non
1123 611 1271 695 contigit3
1294 613 1417 680 frustra

257 713 342 781 enim
364 713 533 781 ostendere
555 717 688 781 conatus
710 720 759 780 est
778 707 866 780 ‘illos
886 712 1050 778 stellarum
1066 713 1241 798 catalogos,
1264 713 1308 779 ad
1332 734 1416 797 quoe
1482 757 1483 772 ι

256 815 394 900 pertinet
422 813 537 880 scholii
565 814 719 882 homerici
741 814 947 900 subscriptio,
977 834 1019 880 ex
1048 814 1275 882 commentario
1297 818 1416 882 suecI

259 921 396 983 exeunte
417 915 487 982 eive
508 915 636 984 ineunte
654 917 685 982 11
707 918 741 983 in
759 917 892 983 Aratum
914 914 1102 1000 conscripto,
1125 934 1189 982 non
1211 935 1252 982 ex
1274 917 1415 1000 genuino

256 1017 477 1084 Eratosthenis
499 1018 596 1101 libro,
619 1010 820 1103 provenisse'
846 1017 889 1104 (p.
907 1016 974 1101 59);
1005 1038 1081 1084 nam
1101 1017 1416 1100 argumentationem
1483 1085 1484 1094 ,

257 1119 325 1187 eius
353 1120 497 1188 Boehme
519 1122 541 1187 l.
563 1123 584 1187 l.
606 1119 659 1204 (cf.
680 1119 826 1205 inprimis
847 1141 878 1204 p.
895 1117 972 1203 305)
999 1117 1100 1185 diluit.
1143 1119 1257 1201 Itaque
1280 1120 1416 1187 Roberti

255 1223 447 1290 sententiam
469 1222 604 1307 retineo,
635 1243 731 1306 quam
754 1223 823 1307 ipse
846 1222 925 1289 mihi
952 1219 1080 1289 videtur
1100 1241 1184 1288 novo
1207 1226 1290 1287 teste
1312 1222 1414 1290 allato
1484 1258 1485 1328 l

255 1325 363 1392 Maass
384 1325 504 1392 invitus
527 1326 624 1392 etiam
648 1325 860 1392 confirmasse.
904 1323 1022 1390 Attulit
1044 1323 1128 1389 enim
1151 1319 1196 1406 (p.
1212 1324 1331 1408 dsqq.)
1354 1325 1414 1392 Co·
1484 1341 1485 1372 ³

254 1445 356 1493 smam
371 1426 707 1510 Hierosolymitanum,
725 1426 846 1493 saeculi
860 1425 938 1490 VIII
952 1425 1147 1510 scriptorem.
1186 1425 1248 1505 Qui
1261 1415 1349 1492 inter
1364 1448 1413 1512 ea,

255 1547 338 1611 quae
358 1548 399 1593 ex
420 1527 656 1596 Oatasterr'smis
679 1527 841 1612 exscripta
862 1545 934 1594 esse
956 1532 1107 1613 apparet,
1129 1525 1227 1592 etiam
1249 1527 1413 1612 Erigonae

254 1627 419 1694 historiam
439 1627 537 1694 habet
551 1627 604 1711 (ct.
619 1651 650 1714 p.
668 1633 685 1693 7
704 1633 736 1695 et
751 1632 791 1694 83
801 1629 872 1710 ιιι).
910 1630 995 1714 Ergo
1018 1629 1099 1695 haec
1120 1629 1154 1694 in
1170 1627 1409 1696 Gatasterismis
1485 1625 1486 1648 ¹

254 1728 330 1797 olim
349 1729 469 1816 scripta
491 1732 667 1816 legebatur,
691 1749 876 1815 quanquam
891 1729 1012 1796 excidit
1034 1751 1076 1797 ex
1091 1730 1241 1815 Epitome
1263 1737 1296 1797 et
1320 1731 1412 1799 deest

254 1832 367 1899 ceteris
390 1833 689 1900 Catasterismorum
713 1823 975 1918 compilatoribus
996 1838 1123 1916 praeter
1143 1831 1325 1916 Hyginum,
1358 1834 1412 1915 qui

252 1939 361 2002 tamen
375 1954 446 2002 eam
466 1956 509 2002 an
527 1936 658 2003 aliunde
678 1936 812 2002 haberet
828 1934 978 2002 dubitare·
997 1933 1125 2000 licebat.
1164 1933 1410 2000 Gatasterismos

252 2042 362 2103 autem
377 2058 448 2104 cum
465 2059 483 2105 e
499 2037 726 2105 commentario
741 2039 860 2103 Arateo
882 2035 1015 2101 fluxisse
1030 2036 1120 2102 nulla
1141 2055 1176 2100 re
1192 2035 1410 2119 convineatur,

251 2138 350 2204 immo
373 2138 596 2222 compendium
619 2157 691 2206 esse
713 2159 755 2204 ex
783 2138 940 2222 ampliore
956 2137 1177 2203 Eratosthenis
1198 2137 1292 2221 libro,
1316 2137 1410 2204 Gata-

252 2240 345 2325 logis,
364 2242 492 2324 factum,
507 2240 543 2306 id
558 2240 644 2323 quod
658 2240 779 2307 Rohert
794 2240 914 2322 statuit,
930 2238 1077 2305 Boehmii
1092 2239 1307 2323 disputatione
1325 2261 1409 2306 com-

251 2343 421 2428 probatum
444 2343 495 2426 sit,
519 2343 675 2425 sequitur,
698 2346 733 2408 ut
755 2341 1054 2408 Eratosthenes
1076 2342 1116 2407 in
1139 2341 1277 2408 eodem
1299 2341 1408 2409 libro
1487 2413 1488 2438 ,

251 2443 448 2532 deinceps
491 2450 702 2528 utramque
745 2442 1133 2527 interpretationem
1177 2444 1407 2527 protulerit.
1487 2441 1488 2450 ’

250 2549 342 2629 Quae
357 2568 409 2615 res
424 2546 751 2633 potestmiravideri,
767 2546 795 2611 si
810 2545 1022 2626 utriusque
1044 2545 1134 2629 ipse
1156 2544 1235 2609 fuit
1256 2551 1407 2611 auctor.

250 2650 321 2717 Hoc
343 2657 451 2715 autem
473 2653 596 2713 tantum
619 2667 682 2714 non
704 2653 754 2712 est
776 2647 996 2713 certissimum.
1037 2647 1119 2712 Icari
1142 2645 1228 2712 enim
1249 2647 1406 2712 familiam

251 2750 294 2817 ab
323 2749 536 2816 Eratosthene
568 2748 671 2832 primo
705 2747 787 2813 inter
818 2747 926 2812 sidera
957 2753 1165 2813 monstratam
1199 2767 1270 2815 esse
1298 2749 1408 2816 Maass

149 2901 156 2915 .
250 2849 297 2934 (p.
314 2854 354 2915 86
365 2871 412 2935 sq.
438 2854 499 2916 124
511 2850 595 2932 sqq.)
624 2848 860 2933 comprobavit3
890 2848 1072 2916 Hesiodeae
1101 2850 1143 2916 de
1171 2849 1305 2915 Oalhsto
1334 2871 1405 2917 nar-

249 2953 366 3021 rationi
388 2973 507 3020 novum
533 2971 596 3035 quo
618 2952 667 3016 III
687 2951 779 3034 signa
809 2950 1043 3035 explicarentur
1072 2950 1192 3016 exitum
1221 2951 1264 3016 ab
1293 2952 1408 3018 eodem

251 3054 412 3122 adiectum
435 3074 508 3122 esse
529 3054 600 3140 ipsa
621 3072 726 3118 rerum
750 3051 894 3118 condicio
922 3056 1065 3117 testatur.
1110 3051 1290 3119 Discrimen
1313 3052 1346 3118 in
1370 3074 1408 3120 eo

250 3162 308 3235 est,
332 3157 419 3241 quod
440 3155 522 3223 Icari
543 3155 686 3221 fabulam
708 3154 833 3238 primus
855 3153 982 3220 omnino
1005 3151 1048 3217 ad
1069 3159 1157 3218 astra
1178 3154 1311 3238 rettulit,
1335 3154 1407 3222 Cal·

249 3258 342 3324 listus
364 3258 508 3324 fabulam
531 3257 596 3322 iam
619 3256 661 3321 ad
683 3263 772 3322 astra
793 3256 927 3322 relatam
950 3253 1090 3338 aceepit,
1113 3255 1203 3320 illam
1225 3255 1277 3321 ab.
1291 3257 1408 3325 Atticis

248 3359 383 3442 petitam
411 3359 482 3442 ipse
511 3358 640 3424 demum
671 3357 881 3424 conformavit
909 3354 1049 3422 excoluit
1078 3356 1203 3441 auxit1)
1225 3355 1279 3439 (cf.
1296 3359 1408 3426 Muass

336 3495 360 3557 1)
377 3490 476 3547 Verbis
493 3490 613 3546 Pollucis
630 3487 655 3542 V
674 3492 706 3542 42
727 3483 742 3545 ὃ
762 3489 791 3546 δὲ
808 3483 928 3562 Ἰκαρίου
944 3485 1022 3545 κύων
1045 3492 1094 3544 καί
1117 3483 1203 3556 ἔδειξε
1226 3493 1262 3561 τῇ
1284 3495 1410 3566 θυγατρί

246 3571 301 3634 τὸν
318 3569 437 3650 Ἰκαρίου
449 3571 569 3650 νεκρόν·
589 3576 638 3631 καί
650 3572 677 3630 εἰ
686 3569 740 3646 χρή
755 3594 782 3630 τι
794 3569 938 3631 πιστεύειν
956 3582 1017 3638 τοῖς
1035 3583 1175 3644 ποιηταῖς,
1193 3564 1280 3640 οὗτός
1291 3572 1373 3632 ἐστιν
1391 3572 1407 3634 ὅ

249 3665 366 3736 Σείριος
383 3664 412 3717 et
429 3661 471 3716 his
489 3658 573 3714 Probi
590 3659 625 3713 ud
641 3658 722 3726 Verg.
736 3657 833 3727 Georg.
852 3658 926 3713 1217
941 3651 1103 3712 ‘Pecoribus
1121 3663 1212 3712 autem
1230 3657 1312 3713 Oanis
1331 3660 1408 3716 sidus

246 3748 307 3804 ideo
325 3747 463 3801 inimicum
481 3748 531 3809 est,
549 3743 621 3812 quod
633 3748 729 3812 poetae
739 3741 831 3798 ierunt
843 3758 860 3797 a
871 3742 1027 3812 pasteribus
1038 3741 1146 3796 Icarum
1158 3738 1293 3798 occisum'
1310 3745 1407 3803 Muass

246 3849 274 3902 p.
295 3836 327 3887 85
351 3831 474 3887 abutitur
495 3830 564 3884 haec
590 3827 725 3882 efficiens:
746 3821 869 3882 ‘Poetam
893 3830 921 3882 et
942 3827 1040 3882 Pollux
1062 3831 1090 3882 et
1107 3827 1212 3883 Probus
1237 3827 1283 3895 qui
1306 3829 1408 3886 dicitur

244 3918 343 3973 horum
357 3915 603 3972 camsterismorum
616 3913 741 3968 dixemnt
752 3906 911 3968 auctorem'
939 3910 1010 3966 Nam
1022 3912 1270 3966 catasterismorum
1281 3913 1407 3969 notitam

245 4003 274 4058 hi
291 4002 387 4071 procul
405 4001 486 4056 dubio
499 4000 651 4054 hauserunt
661 4013 695 4052 ex
706 3998 803 4067 poetis,
822 3997 868 4066 qui
884 3998 1040 4066 frequenter
1051 4011 1098 4052 eos
1111 4000 1331 4062 commemorant,
1350 4015 1406 4054 non

244 4085 280 4141 ad
296 4085 386 4155 ipsum
403 4084 584 4141 mcendemnt
601 4088 748 4138 auctorem.
