2958 4734
482 297 525 352 De
543 296 670 352 Callistus
686 271 795 351 fabula.¹
1140 269 1210 354 Ι279

68 489 124 554 qne
145 470 217 536 l'est
244 468 277 535 le
305 467 466 535 fland'un
494 469 574 554 petit
604 468 729 536 bronze.
773 467 964 551 Remplacer
993 485 1054 532 nne
1076 467 1142 533 tete
1170 466 1211 532 de

67 573 176 638 femme
197 590 255 655 par
276 590 339 637 nne
361 570 426 638 tete
454 569 577 638 d’ourse
599 569 709 636 n’atait
737 589 796 653 pas
818 569 861 635 dn
882 570 960 652 gott
989 566 1032 635 du
1054 574 1158 653 temps
1180 574 1212 635 et

69 673 178 739 revttir
200 670 339 738 Kallisto
368 669 410 738 de
432 672 464 737 la
486 691 570 756 pean
592 671 685 737 d'nne
708 690 815 756 curse,
837 668 942 737 amait
964 672 1016 736 ete
1038 667 1168 737 difficile
1190 675 1211 736 a

69 773 176 842 rendre
199 772 292 840 d'nne
314 771 455 839 maniere
477 772 626 840 distinete
654 776 685 838 et
706 764 938 853 gracieusc'1).
981 772 1025 838 At
1046 771 1130 836 enim
1153 773 1211 838 mi·

67 876 144 942 nime
165 874 278 957 video,
306 893 361 941 cnr
383 873 513 941 tandem
536 872 649 940 artifici
672 873 832 941 difficilius
854 873 948 940 fuerit
970 871 1104 939 Callisto
1126 872 1212 955 pelle

68 977 168 1043 ursina
189 977 299 1043 velare
322 972 401 1057 (qna
421 983 498 1042 nota
520 975 718 1060 Polygnotus
747 993 823 1043 usus
846 973 927 1056 erat)
950 993 1046 1058 quam
1067 972 1213 1041 fluitante

67 1082 159 1161 veste,
183 1076 312 1160 qualem
334 1074 485 1143 distincta
506 1082 575 1143 arte
593 1074 768 1158 perfectam
790 1074 853 1142 dno
870 1075 1019 1159 exempla
1040 1074 1212 1143 ostendunt

68 1178 346 1247 aFricdlaeuderc
361 1177 534 1263 proposita.
571 1177 642 1244 Hoc
664 1177 761 1260 igitur
776 1182 997 1260 argumentum
1011 1195 1053 1242 ex
1075 1176 1209 1246 difficul-

67 1287 126 1348 tate
147 1277 345 1364 exsequendi
370 1281 541 1363 repetitum
570 1279 675 1346 futtile
698 1277 776 1345 mihi
801 1278 937 1345 videtur.
981 1277 1079 1344 Aliud
1102 1287 1209 1346 autem
1293 1265 1297 1274 ⁴

67 1380 115 1448 ille
142 1401 206 1448 non
236 1379 351 1446 attulit.
396 1380 533 1464 Decepit
561 1401 634 1448 enm
662 1399 781 1464 magna
803 1379 995 1463 similitudo,
1024 1399 1107 1463 quae
1129 1381 1211 1448 inter

66 1482 153 1550 Paus.
168 1482 384 1550 narrationem
405 1488 438 1548 et
459 1483 552 1566 signa
566 1482 752 1566 intercedit;
773 1501 812 1547 ae
827 1481 939 1548 debuit
960 1481 1004 1548 ad
1024 1481 1116 1548 illam
1138 1502 1211 1549 con-

66 1585 176 1668 fugere,
200 1583 276 1665 quia
298 1584 441 1667 alteram,
464 1603 506 1650 ex
528 1603 591 1669 qna
613 1584 747 1651 callisto
761 1583 887 1650 Dianae
909 1583 1028 1665 sagitta
1048 1582 1132 1668 perit
1153 1602 1213 1651 nee

67 1691 164 1752 tamen
186 1691 283 1752 antea
305 1683 413 1751 amisit
427 1684 599 1750 humanam
622 1685 773 1768 speciem,
795 1683 995 1753 hauddubie
1016 1685 1097 1751 sicut
1119 1683 1213 1770 dire)

67 1785 234 1869 ignoravit;
254 1785 340 1868 quod
355 1784 492 1852 libenter
513 1787 656 1870 ignoscet
678 1787 733 1869 qui
748 1786 927 1854 meminerit
941 1787 973 1852 in
989 1785 1103 1875 litteris
1118 1786 1212 1854 huius

67 1906 122 1954 non
135 1889 209 1973 plus
225 1906 322 1969 qnam
337 1885 462 1955 duobus
477 1887 556 1953 locis
571 1887 676 1969 iisque
691 1893 756 1952 tam
772 1887 911 1954 breviter
925 1888 1118 1955 mentionem
1132 1886 1212 1972 fieri,

66 1995 96 2054 nt
110 2010 191 2074 eum,
215 1989 270 2071 qni
284 2009 348 2055 non
370 1986 540 2072 diligenter
563 1989 692 2056 fabulae
708 1987 894 2054 memoriam
908 1989 1141 2073 perquisiverit,
1164 1990 1211 2057 fa-

67 2089 121 2157 cile
141 2094 252 2177 ingere
266 2089 378 2174 possit,
401 2110 472 2157 cnm
494 2089 608 2158 similis
622 2090 802 2156 Pausaniae
817 2089 957 2156 narratio
973 2090 1213 2158 conlassatur

67 2190 103 2255 ad
118 2211 152 2260 se
174 2197 350 2275 convertat,
373 2192 449 2274 qnia
470 2194 541 2260 sola
555 2194 716 2259 continere
737 2192 864 2259 videtur
885 2210 968 2275 qnae
989 2191 1148 2259 sufficiant
1170 2192 1213 2259 ad

68 2289 343 2361 Orchomeniornm
366 2293 462 2360 simul
484 2301 517 2360 et
538 2292 772 2361 Pheneatarum
793 2293 886 2375 signa
908 2293 1108 2378 explicanda.

79 2431 85 2446 ·
145 2394 213 2462 Sed
225 2394 403 2459 accuratius
417 2395 576 2476 spectanti
587 2400 720 2478 apparet
735 2392 869 2460 eandem
881 2394 1067 2460 facultatem
1077 2396 1213 2462 alteram

69 2513 188 2580 quoque
210 2492 331 2559 habere
352 2494 483 2559 fabulae
497 2495 642 2576 formam,
664 2512 746 2576 (prae
768 2513 809 2560 ue
831 2495 864 2560 in
879 2492 981 2576 figura
996 2495 1126 2576 quidem
1141 2497 1212 2564 (ial-

69 2596 152 2664 listus
167 2615 190 2662 a
205 2593 304 2676 signis
319 2592 487 2679 discrepat
524 2595 608 2661 Nam
624 2596 859 2662 Pheneatarum
872 2595 1062 2664 Mercurium
1084 2599 1139 2683 qui
1154 2600 1212 2664 Ar-

69 2699 172 2766 cadem
206 2715 339 2782 puerum
374 2698 479 2764 aufert
507 2717 526 2762 e
554 2696 734 2765 Pausaniae
768 2697 949 2767 narratione
976 2699 1043 2765 iam
1070 2700 1213 2768 Hesiodo

70 2799 296 2866 vindicavimus
318 2802 351 2866 et
371 2819 455 2867 nunc
469 2797 633 2867 vindicare
654 2799 809 2866 debemus
831 2819 1082 2885 eorumquoque
1104 2821 1213 2870 narra·

70 2899 150 2988 tioni,
173 2899 229 2983 qui
244 2899 378 2968 Callisto
400 2922 464 2969 non
479 2906 643 2984 mutatam,
661 2899 720 2969 sed
734 2900 933 2968 interfectam
949 2921 1021 2970 esse
1036 2904 1214 2986 voluerunt,

69 3021 133 3070 cnm
154 3001 243 3089 apud
264 3002 324 3068 hos
346 3023 385 3070 eo
407 3024 471 3069 non
492 3003 597 3070 minus
619 3021 699 3087 opus
720 3002 763 3068 sit
786 3019 883 3083 quam
904 3002 992 3086 apud
1011 3003 1213 3070 Pausaniam.

70 3099 202 3170 Dubium
218 3123 294 3187 ergo
316 3123 378 3169 non
400 3105 466 3171 iam
481 3111 588 3188 potest
610 3123 693 3186 esse,
713 3109 786 3170 utra
806 3102 918 3169 fabula
931 3103 1095 3190 signorum
1116 3104 1214 3170 inter-

70 3204 144 3281 preti
157 3204 371 3290 praeferenda
384 3206 435 3273 sit.
473 3209 516 3273 At
531 3205 694 3273 enimvero
716 3204 834 3270 dixerit
849 3205 1008 3290 quispiam
1023 3210 1119 3289 certo,
1141 3210 1213 3271 utra

71 3321 214 3387 expressa
231 3306 283 3390 sit,
304 3327 369 3374 non
383 3326 479 3393 posse
494 3306 681 3389 diiudicari3
703 3325 809 3388 neque
825 3306 911 3373 enim
925 3305 1039 3374 deesse
1054 3307 1213 3391 exempla,

71 3423 144 3486 quae
165 3409 304 3476 doceant
324 3410 484 3478 interdum
513 3430 638 3477 omnem
660 3414 876 3476 commutatae
897 3407 1019 3491 figurae
1040 3416 1149 3477 notam
1171 3410 1213 3475 ab

71 3508 235 3578 artificibus
267 3511 418 3579 omissam
451 3531 523 3578 esse
533 3511 569 3594 ³).
613 3513 731 3578 Verum
760 3517 825 3616 est3
859 3509 918 3577 scd
950 3511 1016 3577 alia
1048 3510 1213 3592 accedunt,

148 3701 172 3765 1)
190 3698 294 3754 Similis
310 3697 427 3752 sensisse
442 3696 548 3752 ridetur
565 3695 636 3750 Weil
653 3713 680 3766 p.
694 3698 728 3750 34
744 3700 802 3750 not.
816 3698 841 3750 3.

147 3787 172 3849 t)
191 3783 232 3838 Oi.
251 3781 469 3839 Robert-Preller
485 3781 516 3835 1⁴
533 3797 560 3850 p.
574 3785 625 3837 304
642 3781 704 3838 adn.
717 3784 741 3834 2,

148 3871 174 3934 3)
194 3866 314 3923 ioannes
338 3866 417 3921 Bclte
440 3866 469 3920 in
492 3865 557 3920 diss.
581 3865 614 3920 de
636 3864 816 3920 monumentis
840 3864 875 3919 ad
899 3863 1048 3935 Odysseam
1069 3862 1213 3932 pertinent.

12 3957 13 3984 ³
73 3945 192 4012 epimone
210 3953 237 4018 I,
255 3950 327 4021 quod
343 3949 482 4019 inscripsit
499 3944 740 4020 ‘metamorphoses
762 3949 896 4018 quomodo
920 3946 1074 4003 effinxerint
1095 3946 1214 4004 artifices

72 4029 187 4104 muqm’,
204 4054 233 4107 p.
246 4040 279 4090 44
297 4037 462 4090 Actaeonem
481 4040 678 4099 commemorat,
697 4034 744 4103 qni
761 4033 870 4089 saeculo
880 4032 919 4089 v1
935 4037 964 4089 et
979 4032 1012 4100 V,
1030 4047 1086 4088 non
1103 4031 1156 4088 iam
1167 4032 1214 4096 IV,
