2988 4728
17 2091 19 2228 1

17 4228 23 4385 l

17 4462 28 4696 1

494 411 536 468 De
554 411 680 469 Callistus
698 412 802 472 tabula.
1162 411 1224 471 305

611 587 682 661 §8.

151 719 239 787 Illud
254 741 297 786 ex
310 719 513 787 Parmenisco
524 718 548 805 1)
565 720 712 804 Hyginus
728 719 825 787 tradit
839 721 875 785 in
889 720 1017 786 Astron.
1034 719 1065 784 II
1085 725 1099 784 1
1124 739 1156 804 p.
1174 723 1225 803 31,

75 825 108 888 18
126 824 169 888 B:
196 818 383 885 ‘Ariaethus
410 828 516 890 autem
546 823 721 905 Tegeates,
750 823 953 890 historiarum
983 821 1134 907 scriptor,
1163 842 1227 890 non

73 924 202 1006 Calisto,
219 923 278 988 scd
292 922 429 1005 Megisto
445 923 523 990 dicit
538 923 736 1008 appellatam
752 927 784 988 et
799 945 863 990 non
878 924 1047 1005 Lycaonis,
1063 923 1121 990 sed
1136 923 1227 990 Cetei

73 1023 184 1106 filiam,
214 1024 374 1108 Lycaonis
409 1028 553 1109 neptem;
587 1030 754 1108 practerea
782 1024 880 1092 Cetea
909 1026 1014 1110 ipsum
1043 1025 1227 1106 Engonasin

72 1124 235 1192 nominari.
280 1125 417 1211 Reliqua
438 1131 546 1192 autem
569 1125 787 1209 superioribus
810 1118 1050 1206 conveniunt'r)
1075 1126 1228 1207 (namque

72 1224 266 1310 praecedunt
277 1225 362 1293 duae
372 1226 630 1294 narratiunculae
642 1247 682 1293 ex
694 1225 915 1293 Callimachea
926 1224 1095 1304 deflexae).
1131 1226 1229 1292 Plura

73 1328 168 1395 habet
197 1326 284 1393 idem
306 1329 372 1394 116
394 1349 425 1413 p.
449 1333 503 1412 41,
529 1330 616 1394 18Β.
644 1328 679 1394 in
700 1329 886 1411 Engonasin
908 1327 1015 1410 signo:
1042 1322 1228 1394 ‘Ariaethus

73 1435 189 1512 artem,
212 1434 246 1495 ut
267 1435 341 1495 ante
357 1428 506 1514 diximus,
528 1429 614 1497 hunc
630 1430 738 1513 cetea,
760 1430 921 1514 Lycaonis
940 1427 1051 1510 filium,
1072 1428 1228 1512 Megistos

71 1542 204 1614 patrem,
219 1531 297 1598 dicit
312 1567 352 1578 -
369 1531 424 1613 qui
438 1531 566 1598 videtur
581 1538 617 1598 ut
632 1533 811 1600 lamentans
822 1532 924 1599 filiam
939 1533 973 1598 in
987 1550 1082 1598 ursae
1093 1528 1227 1612 figuram

73 1653 257 1702 conversam
267 1669 308 1678 -
320 1653 406 1716 genu
420 1633 531 1701 nixum
542 1635 568 1714 3)
584 1635 709 1718 palmas
725 1634 871 1702 diversas
886 1634 1019 1702 tendere
1035 1631 1078 1699 ad
1093 1632 1228 1714 caelum,

73 1742 103 1801 nt
124 1755 198 1802 eam
223 1734 284 1800 sibi
309 1734 354 1800 dii
376 1727 562 1802 restituant?

153 1839 205 1904 Ex
227 1837 336 1904 verbis
349 1832 489 1921 ‘reliqua
503 1843 611 1903 autem
626 1836 843 1921 superioribus
860 1825 1068 1901 conveniunt'
1094 1842 1230 1918 apparet

73 1938 259 2007 Ariaethum
281 1940 496 2005 narrationem
517 1938 672 2004 ascivisse
694 1937 781 2004 aut
771 1957 876 2020 ipsam
898 1935 1151 2003 Callimacheam
1174 1942 1230 2002 aut

74 2061 110 2107 ex
132 2041 354 2109 Callimachea
382 2039 569 2123 deductam
599 2060 675 2106 nam
704 2057 787 2121 quae
815 2037 904 2123 apud
932 2038 1097 2122 Hyginum
1126 2036 1229 2120 primo

74 2142 139 2209 loco
156 2143 292 2211 affertur
307 2141 596 2208 Eratosthenica
565 2141 659 2208 nrmis
673 2140 835 2207 abhorret.
872 2140 1016 2206 Mutasse
1030 2138 1128 2222 igitur
1150 2138 1229 2205 nihil

74 2243 197 2311 videtur
219 2243 280 2310 nisi
296 2243 434 2324 nomina,
458 2263 529 2308 cum
545 2261 584 2309 ea
600 2242 816 2323 substitueret,
839 2261 922 2325 quae
942 2241 1119 2308 domestica
1134 2260 1229 2323 quae.

74 2345 153 2430 dam,
178 2347 391 2426 Tegeatarum
401 2345 428 2425 ⁴¹)
457 2343 618 2427 suspicor,
645 2343 799 2408 memoria
826 2342 1005 2424 praeberet.
1050 2342 1116 2408 Sed
1143 2341 1231 2409 filiae

75 2447 161 2528 signo
185 2444 311 2524 signum
332 2442 434 2526 patris
456 2442 583 2509 adiecit.
620 2443 723 2523 Quem
738 2442 869 2509 finxisse
892 2442 1019 2508 videtur
1042 2448 1165 2507 tantum
1188 2462 1230 2509 ex

16 2545 156 2616 filiae
180 2564 256 2611 casu
279 2543 424 2610 dolorem
445 2544 625 2628 accepisse,
652 2551 687 2610 ut
708 2543 852 2629 Iuppiter
878 2540 1097 2610 misericordia
1119 2547 1231 2628 captus

16 2647 279 2717 lamentantis
306 2645 441 2727 figuram
463 2646 559 2712 astris
587 2645 788 2712 deformaret.
834 2645 1006 2713 Coniunxit
1033 2645 1131 2730 igitur
1159 2666 1231 2712 cum

16 2749 156 2818 Ursa
172 2747 427 2831 Genicularium3
448 2748 575 2830 quod
550 2766 675 2833 signum
690 2748 828 2815 fortasse
844 2747 1010 2814 etiamtum
1024 2748 1231 2834 interpretem

78 2849 295 2932 desiderabat,
317 2869 393 2914 nam
416 2853 533 2916 Aratus
556 2849 597 2916 de
620 2869 658 2917 eo
680 2848 821 2915 affirmat
842 2849 963 2916 Phaen.
978 2853 1034 2914 64:

200 2989 243 2998 -
264 2988 306 2998 -
328 2948 366 3016 τὸ
391 2947 506 3033 μὲν’
475 2943 567 3027 oriere
589 2949 771 3016 ἐπίσταται
794 2943 954 3035 ἀμφαδὸν
977 2948 1096 3014 εἰπεῖν.

81 3053 169 3122 Certe
184 3055 268 3121 inter
283 3054 404 3139 primos
415 3052 441 3135 5)
455 3051 628 3119 Ariaethus
642 3052 677 3117 id
692 3051 908 3135 explicatione
925 3050 1065 3116 donavit.
1096 3050 1232 3135 Scripsit

82 3173 279 3184 ——-——-

80 3233 134 3275 esse
154 3218 298 3292 Ἄραιθος.
335 3219 389 3274 Sed
409 3210 595 3273 ‘Ariaethum'
613 3232 668 3272 uno
692 3221 807 3284 excepto
829 3230 921 3270 ornnes
944 3221 1042 3270 vocant
1059 3209 1229 3278 (Ariethum’

80 3301 142 3374 Hpg.
162 3304 252 3369 codd,
270 3304 304 3360 cf.
323 3303 441 3360 Bursian
458 3305 486 3358 in
504 3304 568 3358 Act.
586 3302 663 3358 acad.
681 3302 790 3357 Monac.
811 3303 878 3354 1876
896 3315 924 3369 p.
945 3302 996 3365 10).

163 3393 187 3455 1)
206 3389 248 3444 Ol.
266 3388 337 3444 Rob.
356 3389 384 3443 in
402 3389 478 3443 Erat
498 3389 527 3443 0.
546 3403 568 3442 r.
587 3402 614 3456 p.
633 3390 682 3440 227
698 3402 738 3456 sq.
774 3385 909 3454 Hyginum
931 3384 1044 3454 antiquo
1062 3387 1141 3442 Arati
1158 3403 1231 3442 corn-
1335 3419 1342 3434 .

81 3473 210 3542 neuterio
229 3489 309 3528 usum
326 3488 386 3528 esse
398 3472 491 3528 Maass
508 3473 537 3527 in
554 3471 634 3525 Anal.
647 3471 723 3526 Erat.
742 3486 770 3540 p.
783 3473 815 3524 43
835 3468 974 3525 contendit
991 3483 1041 3524 nec
1058 3475 1150 3526 tammr
1167 3471 1232 3526 mihi

80 3559 217 3621 persuasit.

162 3646 187 3708 2)
205 3641 281 3709 Quae
304 3641 506 3710 subsequuntur
528 3639 679 3708 capitisque
701 3637 782 3692 finem
804 3638 910 3694 faciunt
932 3638 1016 3693 verba
1039 3637 1117 3707 ‘quae
1138 3652 1182 3693 res
1204 3639 1232 3694 in

82 3717 198 3780 Nonacri
214 3730 305 3781 monte
322 3726 457 3782 Arcadiae
473 3728 551 3793 gesta
568 3715 782 3778 demonstratur'
806 3722 895 3778 aliena
913 3737 972 3778 esse
993 3722 1066 3778 inira
1089 3736 1231 3790 exponam.

163 3814 188 3876 3)
202 3803 328 3865 ‘Nixum'
341 3810 439 3880 scripsi
451 3825 512 3866 curn
528 3807 606 3864 libris
619 3807 726 3877 optimis
738 3810 767 3861 et
783 3807 865 3864 verba
878 3806 996 3873 distinxi,
1008 3806 1232 3878 quemadmodum

83 3895 218 3964 praecepit
236 3895 351 3949 Bursian
370 3895 399 3949 in
416 3895 479 3949 Act.
497 3893 575 3948 acad.
594 3893 703 3949 Monac.
725 3896 789 3947 1816
807 3908 834 3962 p.
855 3897 895 3947 14.

163 3983 190 4045 4)
209 3979 307 4048 Utique
324 3978 491 4036 reconditior
508 3985 568 4033 crat
584 3980 638 4034 ista
655 3979 796 4046 nemerim
814 3976 950 4046 publicam
961 3975 1032 4032 enim
1044 3976 1234 4033 auctoritatem

83 4055 107 4110 in
123 4062 242 4118 Arcadia
259 4063 354 4119 habuit
370 4063 526 4133 genealogia
542 4063 688 4131 Hesiodea,
707 4063 743 4119 cf.
761 4062 833 4118 inira
849 4079 876 4132 p.
896 4065 955 4116 345.

162 4151 188 4213 5)
201 4146 308 4202 Primus
326 4153 400 4204 certe
418 4151 461 4203 est
477 4147 505 4202 in
522 4147 605 4218 longa
621 4148 799 4216 interpretum
812 4147 889 4212 serie,
908 4161 988 4214 quam
1000 4144 1068 4216 Hyg.
1079 4145 1132 4201 116
1149 4163 1177 4216 p.
1191 4151 1232 4212 41,
