2988 4728
515 238 557 292 oe
576 237 702 293 sanstus
720 238 824 294 rauna.
929 209 932 217 ’
1187 239 1250 298 319
1302 232 1304 238 ’

25 407 26 426 ³
79 412 208 478 miscet:
241 407 335 476 modo
363 409 449 476 enim
470 410 650 495 plaustrum
679 408 722 476 ad
744 410 878 476 Callisto
906 411 1002 476 refert
1025 411 1052 486 (Ι
1076 415 1137 475 462
1170 409 1249 476 douo

78 503 828 598 ΛοκαονίηςἓλατὴρἏρκτηῖοςάμάξης.
862 505 1248 597 Xhllasoaat'Apad-

79 613 150 689 δας
181 610 277 698 ἐγγὺς
306 607 491 700 ἁμάξης),
522 612 617 677 modo
641 631 734 678 ursae
762 613 866 697 iungit
889 614 1010 678 Booten
1040 631 1149 679 senem
1178 616 1248 681 sive

77 715 217 782 [carium
241 715 284 792 (Il
301 718 441 796 182sqq.
465 712 610 799 αἰθερίῳ
634 711 670 777 di
693 711 849 797 δράκοντι
872 716 1082 797 σονέμπορος
1099 705 1246 794 Ἀρκά-

79 815 146 891 δος
178 809 334 900 άρκτοα
364 855 406 863 -
428 851 470 862 -
499 809 647 898 ὄμμασιν
676 806 878 900 άγρόπνοισι
912 819 1039 901 γέρων
1076 813 1245 902 ἐφύλασσε

79 915 261 1005 Βοώτης.
298 919 418 984 XLVII
435 922 496 982 250
508 936 577 1000 sqq.
598 908 775 999 Ἰκάριον
799 917 834 983 di
856 921 994 1003 γέροντα
1010 955 1051 964 -
1067 915 1116 993 εἷς
1138 915 1246 983 πόλον

79 1015 325 1106 άσεερόφοινον
355 1014 444 1104 dycta
473 1012 614 1104 ὀνόμηνε
644 1011 781 1103 Βοιόνην
807 1019 811 1101 l
840 1016 1002 1105 (paedoris,
1034 1012 1246 1105 άμαξαίης

79 1114 306 1207 ἒπαφιόμενον
324 1113 523 1208 Ἀρκάδος
546 1114 706 1202 άρκτον)
733 1121 755 1200 ).

618 1328 700 1401 §A

162 1458 289 1526 Eodem
312 1480 374 1544 quo
390 1460 629 1543 Eratosthenes,
652 1458 711 1526 sed
733 1461 799 1526 alia
820 1459 883 1541 via,
907 1456 1109 1525 tendebatis
1133 1458 1188 1540 qui
1210 1458 1242 1523 in

80 1560 163 1627 Ursa
193 1561 316 1628 minore
348 1559 493 1624 Callistus
521 1583 628 1624 ccccm
656 1561 801 1645 agnovit:
838 1567 972 1643 uterque
1001 1558 1122 1626 studuit
1151 1561 1243 1642 signa

79 1664 262 1747 propinqua
278 1683 318 1728 ex
334 1662 449 1730 eadem
464 1664 575 1730 fabula
591 1665 762 1747 explicare.
793 1663 873 1727 Rem
888 1660 1041 1727 discimus
1057 1681 1098 1727 ex
1113 1662 1244 1729 scholiis

80 1764 218 1847 Arateis,
242 1764 274 1830 in
298 1765 414 1848 quibus
436 1764 478 1830 ad
494 1787 523 1830 v.
541 1769 579 1827 27
598 1764 638 1830 de
654 1763 745 1830 Ursis
764 1763 844 1828 haec
859 1761 1014 1827 adnotata
1028 1771 1115 1829 sunt:
1133 1764 1245 1830 dracoi

81 1863 115 1928 de'
132 1865 231 1951 εἰσιν,
256 1859 302 1929 οἶν
318 1863 378 1950 τὴν
394 1865 455 1947 μὲν
471 1863 649 1941 Ναύπλιος
665 1857 748 1947 εὗρε,
771 1861 830 1948 τὴν
847 1862 882 1946 di
899 1861 1055 1948 δευτέραν
1069 1862 1130 1950 τὴν
1146 1863 1245 1929 ἐλάσ-

81 1988 163 2034 σονα
191 1961 343 2052 Θαληςὸ
375 1965 492 2054 σοφός.
516 1966 527 2052 ΙΙ
545 1968 631 2052 λέγει
661 1964 697 2030 δὲ
727 1961 785 2050 τὴν
815 1963 979 2031 ἐλάσσονα
1010 1962 1121 2032 εἰκόνα
1148 1967 1245 2042 κυνὸς

80 2063 178 2150 εἶναι,
203 2061 277 2156 η’τις
298 2053 338 2153 ἦν
362 2069 580 2148 Καλλιστοῦς,
611 2060 683 2155 ἥτις
714 2065 911 2154 σογκονηγὸς
933 2051 973 2152 ἦν
1000 2069 1042 2153 τῇ
1061 2059 1244 2152 Ἀρτέμιδι.

82 2162 328 2256 ἀποθανούσης
351 2169 386 2235 di
410 2162 512 2256 αὐτῆς
535 2175 752 2236 συναπέθανε
773 2171 829 2236 καὶ
851 2164 983 2254 Ardor.
1000 2169 1011 2254 ΙΙ
1028 2166 1065 2234 τὸ
1087 2168 1123 2234 δὲ
1139 2163 1246 2252 όνομα

80 2269 147 2351 ἔχει
181 2268 238 2336 διὰ
266 2269 304 2336 τὸ
335 2269 430 2347 κυνός
461 2265 562 2354 οὐράν
591 2270 685 2351 ἔχειν.
730 2275 849 2338 Aratus
878 2272 1008 2353 quidem
1043 2272 1157 2337 Ursam
1185 2270 1245 2356 τὴν

82 2369 249 2438 ἐλάσσονα
273 2369 384 2437 εἰκόνα
412 2371 508 2449 κυνός
538 2368 624 2436 εἶναι
652 2390 809 2452 nusquam
839 2372 929 2437 dixit.
979 2373 1031 2436 Ab
1060 2373 1120 2437 hoe
1149 2372 1246 2454 igitur

82 2481 195 2540 auctor
216 2473 326 2555 nequit
348 2475 508 2555 profectus
530 2492 611 2538 esse.
656 2473 722 2537 Sed
744 2473 893 2537 videntur
914 2472 1012 2538 fnisse
1035 2477 1090 2556 qui
1115 2480 1246 2558 propter

82 2573 179 2651 κυνὸς
202 2565 305 2659 οὐράν
328 2593 440 2638 canem
463 2574 495 2640 in
512 2575 595 2642 Ursa
613 2576 735 2640 minore
751 2581 969 2656 agnoscerent.
1007 2575 1046 2639 Id
1061 2581 1148 2642 certe
1168 2576 1246 2643 iecit

84 2679 137 2758 qui
162 2675 297 2742 Callisto
321 2694 426 2741 ursam
449 2697 521 2743 cum
543 2697 622 2742 cane
645 2675 730 2742 circa
753 2677 860 2760 polum
877 2677 999 2744 versari
1016 2677 1243 2763 pronuntiavit.

87 2778 270 2845 Scholiasta
299 2777 404 2844 lusum
434 2779 528 2845 huius
555 2784 731 2862 arreptum,
755 2798 889 2863 wquoquo
918 2781 1030 2863 modo,
1058 2800 1130 2846 cum
1153 2780 1244 2846 Arati

83 2881 191 2946 verbis
214 2880 407 2946 conciliabat
429 2880 624 2947 contendens
652 2881 735 2945 hunc
756 2881 847 2963 signo
872 2879 1009 2947 eandem
1031 2881 1166 2960 figuram
1189 2882 1242 2947 tri-

84 2979 208 3065 buisse,
225 3001 321 3064 quam
344 2981 537 3047 sententiam
560 2989 752 3062 extorquere
770 2981 873 3064 potuit
889 3001 930 3046 ex
945 3001 1008 3044 uno
1023 2999 1119 3045 versu
1135 2986 1175 3046 36
1187 2983 1243 3045 καὶ

86 3137 286 3148 w

172 3222 197 3282 1)
211 3217 289 3284 Quod
306 3215 334 3268 in
346 3214 445 3268 Nonne
460 3212 667 3278 observavimus,
685 3212 756 3266 idem
768 3211 838 3265 redit
849 3211 922 3279 apud
934 3210 1002 3266 alios
1016 3224 1122 3280 quoque
1135 3210 1244 3266 serioris

85 3303 140 3356 aeri
172 3302 321 3369 scriptores
344 3302 373 3352 et
397 3299 516 3354 Graecos
541 3303 568 3351 et
591 3296 719 3364 Latinos,
743 3294 865 3351 velutin
889 3294 974 3349 schol.
1001 3295 1078 3348 Aret.
1104 3299 1152 3350 257
1177 3290 1243 3360 (tas

86 3380 135 3442 τὸν
155 3380 248 3458 ῥυμὸν
268 3389 318 3456 τῆς
331 3380 469 3457 Ἄρκτου),
486 3382 516 3436 in
533 3381 638 3436 Lucani
656 3381 750 3436 Phars.
769 3381 808 3437 IV
826 3383 875 3434 523
895 3379 1029 3448 (flexoque
1041 3379 1127 3435 Ursae
1139 3385 1245 3436 temone

89 3474 235 3537 parerent),
254 3470 372 3524 Senecae
384 3469 465 3522 Here.
479 3467 539 3522 Oet.
555 3469 620 3520 1523
634 3466 675 3521 ed.
689 3468 773 3522 Leon.
786 3467 847 3533 (sub
859 3464 980 3536 plaustro
989 3496 1019 3503 —
1032 3471 1131 3532 ursae),
1149 3466 1245 3521 Arteni

86 3553 185 3610 Phaen.
207 3559 252 3610 1³1
274 3554 330 3619 (illa
348 3559 396 3618 [sc.
416 3557 490 3617 ursa]
509 3552 573 3626 lieet
590 3567 674 3620 parvo
696 3553 785 3606 iaceat
808 3556 914 3605 temone
930 3565 980 3618 per
998 3551 1130 3615 aethram)
1148 3556 1175 3606 et
1194 3554 1243 3604 259

87 3638 156 3704 (licet
175 3644 225 3706 [se.
238 3639 437 3708 Arctophylax]
448 3667 480 3676 —
492 3641 567 3705 terga
580 3636 686 3691 Helices
696 3667 728 3674 -
738 3640 852 3705 premat,
870 3634 944 3688 haud
961 3637 1052 3690 tamen
1064 3650 1181 3704 unquam
1197 3637 1201 3701 t
1216 3637 1244 3689 in

88 3726 237 3791 picturatae
249 3725 403 3793 plaustrum
415 3737 577 3792 procurrere
590 3721 682 3776 matris
699 3723 703 3787 Ι
718 3721 760 3775 fas
772 3721 872 3786 datur).
902 3719 947 3772 Ex
962 3720 1021 3788 ipso
1034 3720 1132 3773 addam
1145 3719 1244 3774 Nonne

87 3806 173 3864 tlara
191 3811 240 3865 καὶ
257 3798 337 3865 iidata
354 3803 440 3880 διψάς
453 3800 573 3864 divisior
589 3817 592 3871 l
608 3803 718 3880 άρκτος
736 3800 891 3875 ἁμαξαίοιο
913 3800 1064 3869 δεδυκότος
1081 3802 1243 3876 λοτοβοῆος.

90 3922 118 3932 —
130 3894 174 3948 Ex
192 3894 273 3948 Arati
289 3893 391 3948 Phaen.
406 3896 437 3947 93
452 3893 566 3948 Nonnus
585 3893 733 3962 desumpsit
751 3886 891 3962 ἁμαξαίης
909 3885 1019 3962 άρκτον
1036 3889 1244 3958 appellationem

86 3977 198 4040 txnvn
219 3983 280 4045 252)
298 3984 328 4032 ut
345 3978 430 4032 multa
448 3978 510 4041 alia,
531 3978 565 4031 cf.
585 3975 677 4033 Maass
694 3977 722 4030 in
740 3977 820 4032 Anat.
839 3976 915 4032 Erat.
934 3990 961 4044 p.
981 3977 1038 4028 100.
