2958 4734
504 272 546 327 De
564 272 691 328 Callistus
708 273 810 328 fabula.
1172 275 1232 334 247

81 451 116 512 ut
136 445 361 529 comprobetur
383 463 489 511 ursam
512 443 636 511 Dianae
658 465 781 511 sacram
807 444 921 528 fnisse,
952 443 1013 512 hac
1041 447 1235 516 caerimonia

79 554 233 631 tanquam
248 547 454 614 fundamento
469 546 525 628 uti,
550 565 632 628 quae
650 547 730 612 ratio
746 545 908 613 Odofredo
925 547 1040 614 Mllller
1062 549 1094 615 in
1108 551 1233 635 Proleg.

79 671 109 733 p.
132 652 172 713 73
196 650 326 734 placuit,
348 668 466 734 anceps
489 655 538 715 est
561 668 599 715 ac
620 653 763 732 praestat
784 648 826 713 ab
850 667 889 715 ea
911 667 1040 714 manum
1063 651 1233 720 abstinere.

164 753 208 818 At
236 751 322 835 quod
350 771 390 817 ex
421 750 507 817 cultu
533 749 659 817 efficere
686 755 847 834 vetamur,
876 749 911 816 id
941 750 1056 819 offerre
1086 753 1235 820 videntur

79 853 209 920 fabulae
231 873 302 919 eum
325 857 520 938 prosecutae.
558 851 680 931 Quibus
696 852 842 919 omnibus
863 872 1030 919 commune
1052 861 1101 921 est
1122 856 1234 922 lunda-

79 960 220 1022 mentum
238 955 296 1021 illa
310 955 382 1038 ipsa
398 953 516 1038 opinio,
538 972 645 1020 ursam
659 953 693 1018 in
707 954 835 1022 Dianae
850 972 921 1021 esse
936 954 1040 1036 gratia
1056 977 1096 1024 ac
1117 959 1232 1041 tutela3

77 1059 162 1124 allos
184 1057 269 1123 euim
292 1057 440 1122 audimus
461 1053 632 1121 tradidisse
659 1053 826 1141 μυστήρια
854 1075 938 1138 quae
965 1056 1113 1126 dicuntur
1136 1060 1233 1126 Brau-

77 1179 156 1226 rone
172 1158 245 1225 ideo
261 1158 338 1225 elim
354 1158 499 1223 instituta
513 1175 594 1238 esse,
614 1163 650 1221 nt
664 1156 770 1222 Diana
784 1157 966 1241 placaretur
987 1157 1107 1244 irata,
1130 1162 1234 1243 quod

77 1280 172 1327 ursa
192 1266 339 1328 necata
353 1263 478 1342 esset,
501 1277 584 1340 quae
599 1259 631 1323 in
646 1259 715 1326 eius
729 1257 810 1325 aede
826 1259 947 1342 fuisset,
963 1263 1182 1329 mansuefacta
1195 1267 1234 1344 ¹);

76 1364 160 1430 alios
172 1383 282 1429 eorum
294 1360 449 1448 principia
459 1361 501 1427 ab
512 1359 681 1445 Iphigenia
691 1359 845 1445 repetIsse
856 1362 1028 1445 Braurone,
1039 1383 1101 1430 non
1115 1363 1232 1430 Aulide

76 1465 120 1532 ad
135 1465 366 1532 immolandum
378 1464 483 1547 ducta,
496 1483 566 1529 cum
580 1462 721 1530 dicerent
737 1455 856 1548 ι’ίρκυον
871 1455 945 1529 ἄντ’
962 1456 1074 1550 αὐτῆς,
1091 1456 1148 1530 οὐκ
1161 1463 1233 1530 ’έλα-

77 1591 144 1654 φον
153 1569 372 1654 φονευθῆναι,
381 1567 469 1632 cuius
480 1565 610 1633 fabulae
622 1570 720 1633 testes
728 1565 1099 1652 nominanturlduphorio
1109 1567 1232 1634 Chalci-

76 1670 187 1737 densis
203 1669 247 1747 (in
258 1669 358 1736 schol.
371 1669 414 1735 ad
425 1669 479 1734 Ar.
492 1668 568 1752 hys.
581 1670 694 1731 645=
705 1668 764 1750 frg.
782 1671 818 1732 81
835 1667 945 1748 Mein.)
962 1673 995 1734 et
1009 1670 1234 1738 Phanodemus

76 1771 353 1856 Atthidographus
360 1772 403 1848 (in
411 1771 516 1854 Etym.
523 1771 564 1836 Μ,
578 1789 609 1854 p.
619 1773 691 1852 748,
703 1770 742 1835 cl.
752 1770 859 1834 Tacta.
872 1767 998 1854 adLyc.
1011 1774 1114 1837 183·=
1120 1773 1234 1839 FHGI

75 1897 108 1960 p.
121 1877 181 1939 367
191 1893 238 1958 sq.
260 1876 320 1957 hg.
336 1876 455 1950 1011).
495 1873 609 1956 Neque
630 1871 662 1936 in
678 1871 739 1936 hac
761 1891 795 1937 re
817 1869 926 1937 differt
947 1892 1031 1955 quae
1047 1873 1088 1940 de
1103 1875 1235 1941 Embari

75 1976 152 2042 dolo
178 1981 325 2041 narratur
352 1973 463 2039 fabula
484 1971 526 2039 ad
549 1972 675 2039 Dianae
697 1972 877 2040 Munichiae
898 1974 1018 2039 cultum
1040 1980 1188 2061 spectans
1199 1981 1232 2054 2).

74 2078 167 2158 Quae
189 2077 252 2144 nisi
273 2076 414 2143 funditus
429 2075 503 2141 ficta
518 2080 591 2142 sunt
612 2096 654 2140 ex
675 2074 756 2141 salso
777 2075 940 2142 intellecto
963 2071 1091 2162 ἄρκτων
1106 2081 1233 2148 nomine

74 2245 156 2299 huius
174 2246 213 2299 rei
231 2247 381 2313 exemplum
399 2243 538 2298 hahemus.
573 2243 696 2311 Namque
713 2242 821 2322 Dianae
837 2244 973 2313 Ephesiae
991 2261 1070 2301 secra
1085 2253 1143 2302 erat
1160 2248 1234 2316 apis;

74 2330 158 2384 huius
178 2329 249 2383 enim
268 2329 368 2399 effigies
386 2345 441 2384 non
459 2329 545 2385 solum
563 2329 591 2382 in
615 2328 730 2382 nummis
749 2329 930 2398 Ephesiorum
948 2330 983 2384 ab
1008 2331 1086 2386 initio
1109 2339 1233 2401 apparet,

75 2414 124 2469 sed
142 2414 222 2467 etiam
239 2413 269 2467 iu
286 2417 378 2468 statua
395 2413 461 2468 deae
480 2413 659 2482 compluriens
676 2412 792 2482 repetIta
809 2416 852 2467 est
863 2412 909 2478 (cf.
922 2415 1100 2470 Baumcisteri
1112 2415 1232 2473 Menum.

73 2516 101 2568 p.
120 2501 187 2564 131).
222 2496 307 2566 Atqui
318 2498 399 2552 Pauo.
411 2497 477 2553 VIII
493 2502 558 2564 13‚r
579 2503 770 2552 commemorat
788 2492 855 2562 τοὺς
873 2501 908 2568 τῇ
918 2490 1048 2571 ν’ίρτέμιδι
1066 2497 1233 2575 ἱστιάτορας

74 2587 112 2654 τῇ
122 2579 239 2659 Ἐφεσίᾳ
250 2582 425 2653 γινομένους,
442 2582 635 2652 καλουμένους
647 2582 677 2639 δὲ
688 2575 744 2638 ὑπὸ
758 2586 817 2637 τῶν
829 2586 957 2639 πολιτῶν
967 2577 1109 2657 Ἐσσῆνας,
1121 2603 1235 2656 qnorum

74 2673 176 2724 nomeh
197 2667 316 2723 afluida
337 2668 377 2720 ita
397 2667 561 2736 explicatur:
584 2659 694 2740 Ἐσσήν·
717 2663 985 2743 participaretur
1009 2676 1067 2728 τῶν
1083 2676 1235 2741 μελισσῶν.

74 2754 211 2810 Videntur
223 2767 285 2821 crgo
298 2751 452 2807 sacerdotes
464 2753 579 2821 uirgines
591 2752 637 2819 (cl.
651 2753 741 2808 strab.
754 2753 819 2809 xlv
833 2758 856 2820 1,
867 2756 910 2819 13)
921 2754 1052 2824 μέλισσαι
1064 2757 1154 2812 dictae
1166 2773 1234 2812 esec.

74 2840 184 2895 Eodem
201 2852 264 2892 uero
282 2836 390 2890 nomine
411 2837 482 2892 aliae
500 2853 606 2908 quoquc
623 2839 793 2894 vocabantur
810 2839 978 2896 sacerdotes:
1001 2842 1079 2897 Piud.
1097 2842 1177 2910 Pyth.
1196 2842 1235 2897 IV

77 2929 128 2980 100
144 2927 197 2989 (60)
215 2923 249 2978 de
266 2921 378 2977 oraculo
400 2924 539 2991 μελίσσας
561 2925 700 2996 Δελφίδος
723 2924 857 2992 loquitnr;
881 2924 999 2995 Hesych.
1026 2941 1059 2980 ex
1077 2926 1180 2980 Gallim.
1207 2929 1233 2982 h.

75 3009 168 3078 Apoll.
192 3012 236 3062 llll
256 3006 333 3062 effert
346 3001 501 3076 μέλισσαι·
521 3006 550 3064 αἱ
568 3013 618 3081 τῆς
635 3004 785 3080 Δήμητρος
807 3002 957 3077 μύστιδες’,
975 3012 1003 3064 et
1027 3025 1087 3063 curu
1108 3010 1160 3065 hoc
1178 3011 1236 3066 fere

75 3094 254 3150 consentiunt
263 3091 347 3147 schol.
358 3092 392 3146 ad
402 3092 480 3147 Pind
494 3092 572 3164 Pyth.
580 3093 619 3148 IV
633 3097 681 3147 106
691 3097 719 3148 et
727 3093 829 3162 Porph.
842 3094 877 3147 A.
889 3093 1235 3163 nymph.18.-Alianon-

76 3178 155 3234 nulla
170 3176 290 3232 invenies
308 3178 431 3246 exempla
447 3176 476 3232 iu
489 3176 621 3232 Friderici
633 3177 708 3231 Baclr
726 3177 760 3230 de
773 3177 870 3232 Graec.
884 3178 1054 3233 caerimoniIs
1073 3178 1137 3234 diss.
1149 3196 1177 3249 p.
1193 3185 1233 3234 26.

75 3263 130 3318 His
142 3279 225 3318 unum
237 3262 316 3327 addo,
335 3262 407 3332 qnod
419 3261 539 3316 Mithrae
551 3262 640 3316 cultus
653 3262 774 3331 praehet,
792 3260 826 3316 de
840 3277 894 3329 quo
907 3261 1006 3331 Porph.
1024 3264 1058 3318 de
1069 3264 1140 3320 abst.
1153 3264 1192 3318 IV
1204 3269 1234 3319 16

76 3346 119 3416 ὡς
137 3345 204 3414 τοὺς
221 3347 275 3418 μέν
290 3346 465 3417 μετέχοντας
482 3351 541 3402 τῶν
559 3339 654 3404 αὐτῶν
672 3343 781 3420 ὀργίων
797 3343 906 3416 μύστας
923 3347 1043 3414 λέοντας
1059 3355 1166 3415 καλεῖν,
1183 3346 1235 3416 τὰς

76 3436 108 3492 δέ
125 3443 263 3507 γυναῖκας
286 3434 414 3500 λεαίνας,
438 3428 505 3498 τοὺς
528 3432 558 3489 δὲ
579 3425 792 3504 ὑπηρετοῦντας
813 3428 956 3504 κόρακας,
980 3433 1016 3488 σί.
1035 3433 1149 3491 Tertull.
1173 3437 1234 3492 adv.

76 3522 167 3575 Maro.
184 3519 253 3574 113.

167 3609 192 3671 1)
210 3603 251 3658 Ol.
270 3603 353 3659 schol.
371 3603 407 3658 ad
424 3602 507 3658 Arist.
526 3601 591 3672 Lyn.
610 3605 659 3656 645
677 3599 829 3658 ἐπετέλουν
846 3602 876 3659 δέ
897 3598 949 3675 τὴν
971 3605 1077 3662 θυσίαν
1101 3603 1130 3660 αλ
1147 3601 1234 3677 κόραι

76 3685 327 3760 ἐκμειλισσόμενοι
344 3684 396 3760 τὴν
407 3684 488 3753 θεόν,
505 3681 600 3759 ἐπειδὴ
619 3691 691 3762 λιμῷ
709 3683 962 3759 περιπεπτώκασιν
980 3687 1007 3746 οἳ
1018 3683 1167 3761 Ἀθηναῖοι,
1184 3687 1233 3760 σίρ-

76 3795 151 3832 κτον
162 3768 271 3847 ἡμέραν
282 3766 458 3844 ἀνῃρηκότες
469 3777 504 3843 τῇ
516 3776 580 3852 θεᾷ,
595 3787 664 3842 quae
673 3771 785 3828 uberius
792 3778 904 3828 nemete
916 3774 1030 3828 redeunt
1040 3774 1138 3830 ibidem
1147 3774 1234 3831 altero

77 3861 141 3915 loco
160 3861 189 3913 et
204 3857 277 3927 apud
296 3856 415 3922 Sumam,
434 3858 480 3926 qul
497 3858 561 3913 hine
578 3859 678 3927 petivit,
697 3857 745 3912 sed
763 3872 779 3912 e
794 3858 904 3914 scholiis
921 3859 1004 3927 paulo
1021 3858 1199 3916 auctioribus.

167 3947 193 4008 2)
212 3941 252 3998 Cf.
271 3941 346 3997 Suid.
364 3941 393 3996 In
409 3959 434 3996 v.
446 3939 593 4018 Ἔμβαρός
610 3942 678 4012 εἰμι·
697 3973 730 3982 -
748 3973 782 3982 -
800 3975 831 3983 -
856 3939 1009 4015 Μούνυχσς
1021 3973 1055 3984 -
1071 3947 1235 4016 Μουνυχίας

78 4024 239 4104 Ἀρτέμιδος
256 4021 337 4100 ἱερὸν
354 4018 497 4100 ἱδρύσατο.
522 4025 631 4100 ἄρκτου
653 4029 683 4086 ot
700 4030 854 4103 γενομένης
875 4027 907 4084 έν
925 4022 1003 4104 αὐτῷ
1024 4031 1072 4085 καί
1094 4024 1151 4087 ὑπὸ
1176 4033 1234 4086 τῶν
