2988 4728
702 287 870 346 Reinholdns
888 285 978 341 Franz

520 465 656 532 gregatam
685 459 808 529 nymphis
835 457 863 511 in
890 456 954 510 Dia·
981 455 1117 522 gregatarn
1147 453 1272 522 nymphis
1298 452 1328 506 in
1356 453 1427 508 Dia·
1485 461 1486 506 l

519 565 582 604 nam
609 552 729 602 mutatus
763 543 956 609 seductamque
982 553 1044 592 narn
1061 541 1180 592 mutatus
1485 543 1486 550 ¹

521 633 681 703 compressit
691 635 720 687 et
731 627 870 697 gravidam
882 623 955 679 iecit.
983 621 1143 691 compressit
1151 627 1179 676 ct
1190 621 1329 690 gravidam
1346 621 1425 677 feeit.

520 716 603 772 Cuius
624 732 687 771 cum
707 714 808 769 crimen
831 724 957 765 crescens
982 705 1066 761 Cuius
1093 721 1153 760 cum
1184 705 1285 760 crimen
1314 711 1428 760 tumens

519 807 614 855 uterus
648 799 787 868 proderet,
818 794 957 863 indignata
982 796 1076 845 uterus
1109 790 1249 859 proderet,
1285 790 1430 859 indignata

521 886 610 939 Diana
627 883 759 938 comitatu
776 897 827 937 suo
838 895 899 934 eam
916 893 956 932 re·
982 874 1072 929 Diana
1084 874 1213 929 comitatu
1226 891 1276 930 suo
1288 891 1347 930 eam
1360 891 1427 946 rep-

520 969 603 1038 pulit:
634 983 703 1037 quae
732 966 835 1022 exactis
865 965 956 1018 decem
982 959 1059 1029 pulit.
1068 958 1213 1014 illaautem
1221 960 1428 1015 exactisdecem

520 1054 657 1109 mensibus
666 1052 794 1108 enixaest
802 1049 955 1119 parvulum,
982 1045 1118 1099 mensibus
1126 1045 1205 1098 enixa
1217 1048 1259 1100 est
1269 1047 1427 1113 parvulum,

521 1139 566 1209 qui
578 1140 664 1193 Arcas
683 1137 887 1206 cognominatus
905 1136 955 1188 est.
981 1129 1430 1198 quiArctostitcognominatusest.

263 1241 328 1281 ursa
398 1223 495 1279 dicitur
520 1224 663 1293 Indignata
679 1223 757 1288 Iuno,
779 1219 852 1290 quod
868 1219 957 1288 pellex
982 1214 1125 1282 Indignata
1142 1215 1225 1280 Iuno,
1244 1213 1316 1282 quod
1333 1214 1428 1283 pellex

264 1312 340 1365 lacta
368 1324 428 1364 esse
459 1308 494 1362 ob
519 1324 570 1364 sua
604 1325 639 1364 ex
667 1308 730 1362 love
759 1307 841 1361 etiam
872 1307 957 1359 mater
983 1314 1034 1354 suo
1067 1313 1101 1353 ex
1133 1300 1196 1354 Iove
1223 1300 1305 1353 etiam
1334 1303 1428 1354 mater
1486 1336 1487 1340 ,

263 1396 331 1451 iram
374 1393 494 1459 Iunonis,
520 1398 601 1458 esset,
612 1393 720 1461 (ialgeio
728 1391 808 1445 vertit
816 1392 844 1445 in
854 1406 955 1445 ursam.
983 1383 1425 1450 essetcallistonvertitinursam.
1486 1455 1487 1462 ἵ

265 1478 336 1546 quod
352 1493 413 1532 cum
430 1477 495 1532 loss
520 1477 604 1532 Cuius
615 1476 688 1530 filius
701 1478 788 1530 Areas
807 1492 868 1530 cum
886 1479 957 1530 esset
983 1469 1260 1525 GuiusfiliusArctos
1275 1476 1426 1524 comesset

263 1563 418 1617 concubuit.
519 1563 548 1616 in
566 1561 688 1616 adultam
708 1560 859 1630 productus
882 1563 956 1613 aeta-
982 1555 1010 1609 in
1033 1555 1152 1609 adultam
1174 1556 1291 1609 aetatem
1318 1555 1426 1622 produ·
1486 1545 1487 1566 *

518 1652 587 1713 tem,
614 1646 763 1715 inprudens
789 1644 819 1698 in
844 1648 957 1698 matrem
983 1645 1058 1708 etus,
1081 1639 1237 1709 imprudens
1261 1639 1290 1692 in
1308 1645 1426 1694 matrem

518 1731 627 1798 incidit,
667 1744 810 1798 ursamquc
845 1729 957 1783 credens
982 1726 1088 1792 incidit,
1115 1739 1207 1779 ursam
1231 1722 1359 1788 credens,
1390 1740 1426 1778 ac

518 1817 599 1872 misso
617 1817 672 1871 telo
690 1831 750 1870 eam
768 1815 899 1883 perimere
911 1828 956 1868 ro·
987 1810 1068 1864 misso
1084 1810 1140 1864 telo
1158 1824 1217 1863 eam
1229 1809 1361 1878 perimere
1374 1826 1424 1865 vo·

296 1901 396 1956 Postea
420 1899 492 1954 Iovis
517 1901 577 1956 luit.
606 1900 819 1956 Nonsustinens
836 1899 957 1968 luppiter
982 1896 1039 1950 luit.
1082 1894 1144 1950 Non
1171 1893 1281 1948 sustulit
1298 1894 1427 1963 Iuppiter

261 1986 289 2038 in
320 2001 323 2008 ¹
353 1983 492 2039 stellarum
517 1985 685 2054 ignorantem
705 1985 878 2055 parricidium
895 1999 956 2052 per·
982 1980 1147 2048 ignorantem
1159 1977 1340 2032 matricidium
1357 1994 1423 2047 per-

262 2084 400 2124 numerum
441 2084 491 2123 re·
518 2067 956 2138 petrare,statimeosinterside·
982 2063 1424 2133 patrare,statimqueeosintersi-

261 2153 377 2219 tulit,
423 2167 493 2220 quae
518 2171 549 2210 ra
566 2155 715 2209 rettulit.
750 2155 799 2208 Ille
821 2155 956 2207 Arcturus
982 2151 1045 2204 dera
1058 2148 1207 2206 collocavit.
1225 2148 1274 2202 Ille
1283 2149 1425 2203 Arcturus

262 2237 492 2307 septentrio
518 2239 615 2294 etalio
639 2238 747 2293 nomine
770 2237 956 2307 Arctophylax
982 2242 1009 2291 et
1033 2235 1085 2290 alio
1104 2235 1212 2291 nomine
1229 2233 1423 2304 Arctophylax

261 2323 490 2392 appellatur,
517 2328 639 2380 uocatur.
659 2319 829 2395 lllad'pxrog
840 2324 955 2392 μείζων,
982 2324 1102 2377 vocatur.
1120 2319 1171 2374 llla
1180 2313 1289 2390 ἄρκτος
1299 2321 1422 2387 μείζων,

261 2406 490 2476 quodsignum
516 2409 613 2464 Latine
643 2407 840 2478 septentrio
870 2407 956 2461 maior
981 2405 1079 2460 Latine
1130 2403 1278 2472 septentrio
1334 2406 1425 2458 maior

260 2493 489 2547 locononmo·
516 2492 955 2564 appellatur.Quodsiguum
981 2489 1141 2560 appellatur.
1194 2487 1273 2555 Quod
1316 2488 1425 2556 siguum
1487 2535 1488 2556 ἶ

260 2581 359 2629 vetur
382 2590 491 2645 neque
516 2580 955 2646 locononmoveturueque
980 2575 1040 2630 loco
1067 2591 1122 2630 non
1144 2577 1265 2627 movetur
1288 2587 1342 2626 nec
1369 2574 1424 2628 hac

260 2658 368 2712 occidit.
404 2658 490 2712 The·
515 2661 653 2728 mergitur.
700 2661 821 2716 Thetis
850 2662 954 2729 enim,
980 2658 1255 2728 quamdicturussum
1263 2672 1426 2713 causamer-

259 2743 313 2798 tis
375 2743 489 2810 anim,
515 2745 954 2809 uxorOceani,nutrixlu·
979 2743 1059 2813 gitur.
1071 2741 1423 2808 Thetisenimfilialierei,

260 2825 489 2892 Oceaniuxor‚
516 2830 615 2883 nonis
644 2829 709 2896 init,
743 2844 812 2897 quae
841 2834 953 2898 propter
979 2843 1048 2883 uxor
1066 2827 1176 2892 Oceani,
1194 2829 1287 2882 nutrix
1304 2828 1422 2884 Iunonis

259 2911 489 2965 nutrixlnno·
514 2913 642 2968 affectum
653 2914 771 2968 nutritae
786 2929 856 2968 cam
874 2929 952 2983 pro·
978 2912 1420 2982 suitQuaqunoindignatapel-

259 2995 489 3064 nis,prohibet
515 2999 655 3054 hibetin
668 3015 834 3054 oceanum
847 2998 952 3063 cadere,
978 2997 1055 3051 licem
1071 3012 1149 3052 suam
1165 2997 1194 3051 in
1207 2998 1311 3052 caelum
1329 3002 1420 3053 trans-

258 3095 327 3134 eam
342 3081 376 3135 in
389 3095 487 3136 ocea·
513 3083 586 3137 unde
617 3083 698 3155 Verq.
723 3077 833 3138 ‘Arctos
858 3083 953 3138 oceani
978 3081 1060 3135 latam
1074 3081 1187 3151 rogavit,
1198 3088 1229 3137 nt
1246 3088 1362 3151 propter
1377 3083 1420 3136 af·

258 3180 343 3218 uum
382 3167 488 3221 occi·
513 3172 662 3223 metuentes
680 3182 797 3237 aequore
814 3161 900 3235 tingi?
977 3165 1202 3221 fectumnutricls
1218 3166 1419 3234 camprohihe-

259 3249 345 3304 dere.
978 3256 1019 3305 ret
1036 3250 1065 3304 in
1083 3265 1214 3306 oceanum
1231 3251 1338 3305 cadere.

346 3371 541 3457 Lactantius,
557 3394 629 3440 cum
644 3375 678 3441 in
695 3375 783 3442 calce
798 3374 931 3459 Vergilii
946 3373 1046 3440 verba
1060 3373 1184 3457 afferat,
1200 3395 1242 3440 ex
1257 3394 1417 3442 commen·

260 3470 341 3538 tario
363 3491 398 3537 se
420 3472 454 3538 in
476 3474 650 3557 Vergilium
673 3476 851 3562 conscripto
874 3476 1019 3543 hausisse
1041 3475 1170 3543 iudicat.
1214 3475 1253 3541 ld
1275 3496 1353 3543 vero
1378 3497 1418 3544 eo

258 3572 471 3658 confirmatur,
494 3575 589 3659 quod,
612 3583 647 3642 ut
663 3577 741 3643 Roh.
759 3577 869 3660 Unger
892 3582 955 3662 p.7
981 3584 1125 3661 testatur,
1147 3578 1229 3644 alter
1251 3578 1418 3644 Lactantii

258 3675 360 3741 codex
382 3675 582 3743 Monacensis
603 3677 636 3742 iu
659 3683 802 3746 extrema
830 3678 1023 3745 narrationis
1051 3686 1144 3764 parte
1171 3679 1284 3746 eadem
1314 3679 1418 3747 hahet

256 3776 357 3843 verba
383 3781 481 3858 atque
503 3776 593 3844 Serv.
616 3777 658 3842 ad
681 3779 775 3863 Verg.
799 3779 914 3865 Georg.
937 3780 952 3844 Ι
974 3784 1047 3865 246,
1077 3799 1172 3864 quem
1201 3800 1328 3848 versum
1353 3783 1415 3849 La-

256 3877 393 3944 ctantius
416 3880 449 3945 in
471 3878 559 3944 calce
581 3879 700 3946 laudat.
747 3881 828 3948 Sunt
850 3882 944 3949 hacc:
