2988 4728
253 266 316 328 324
679 260 847 318 Reinholdus
864 259 954 316 Franz

244 437 338 504 matri
360 456 445 504 mors
467 435 618 502 instabat.
664 434 706 500 At
727 432 876 518 peccavit
899 433 1047 518 exemplo
1077 432 1205 499 deserto
1235 431 1269 498 in
1293 432 1412 517 depin·
1483 503 1484 512 χ

245 539 353 624 genda
368 536 573 605 condicione:
588 557 662 604 nam
676 555 717 602 ex
728 536 858 602 fabulae
870 534 1030 602 sententia
1042 554 1114 601 eam
1127 534 1240 601 debuit
1251 533 1412 618 effingere

245 640 330 708 etin
354 646 472 706 terram
495 639 675 721 transferre,
699 656 795 719 quarn
818 637 964 703 incaelo
995 637 1141 704 obtinent
1169 635 1294 719 sidera;
1325 635 1412 704 haec
1483 639 1484 680 l

245 748 354 809 autem
370 760 409 807 aa
425 745 481 822 est,
505 745 540 804 ut
557 740 673 806 Ursam
688 739 910 823 Arctophylax
925 739 1074 822 persequi
1090 737 1248 820 videatur,
1274 745 1307 805 et
1321 737 1411 806 hanc

246 840 404 927 expressit
423 840 669 925 Eratosthenes;
699 845 732 907 at
754 838 889 908 Ovidius
917 840 950 905 in
973 839 1048 906 Met
1071 839 1165 905 huius
1195 839 1315 906 oblitus
1344 845 1407 920 est,

246 964 318 1011 cum
340 941 493 1009 scriberet
516 946 574 1006 501
590 959 675 1024 sqq:

814 1076 856 1090 -
879 1079 920 1088 —
943 1077 984 1088 -
1007 1042 1069 1108 Ille
1091 1042 1207 1125 refugit

399 1143 602 1227 inmotosque
625 1146 733 1212 oculos
756 1145 789 1211 in
811 1165 847 1212 se
869 1145 939 1211 sine
962 1144 1025 1209 fine
1049 1149 1212 1210 tenentem

400 1247 525 1312 nescius
549 1248 696 1314 extimuit
717 1231 912 1331 propiusque
934 1245 1088 1311 accedere
1111 1245 1221 1312 aventi

400 1347 550 1415 vulnifico
573 1351 678 1416 fuerat
700 1346 821 1414 fixurus
842 1350 975 1431 pectora
996 1347 1071 1413 telo.

247 1449 283 1513 ln
306 1447 414 1515 Fastis
437 1450 497 1514 etsi
520 1469 582 1514 non
606 1448 742 1514 mutavit
765 1468 910 1530 causam,
933 1447 1049 1514 vitavit
1071 1452 1179 1513 tamen
1202 1448 1406 1516 manifestam
1483 1505 1484 1520 ,

246 1550 376 1615 fabulae
399 1557 431 1616 et
452 1549 594 1616 siderum
609 1549 828 1617 collocationis
844 1549 1092 1635 discrepantiam
1108 1569 1148 1614 ac
1164 1549 1405 1632 quodammodo

247 1671 282 1718 se
304 1650 409 1736 ipsum
432 1651 589 1736 corrigere
601 1652 625 1734 ¹)
647 1650 775 1718 videtur
796 1673 826 1718 v.
854 1653 926 1716 190:
997 1661 1000 1668 '

422 1754 643 1837 Arctophylax
664 1754 799 1819 formam
822 1758 913 1835 terga
934 1753 1096 1834 sequentis
1120 1753 1227 1819 hahet.

335 1853 396 1920 Hic
410 1856 541 1940 paulum
557 1855 777 1922 subsistamus.
810 1855 895 1921 Nam
911 1874 994 1939 quae
1010 1855 1116 1920 adhuc
1131 1854 1405 1939 perlustravimus,

249 1957 358 2025 omnia
380 1956 427 2024 ita
442 1963 627 2042 comparata
642 1963 725 2040 suut,
747 1964 783 2022 ut
798 1956 931 2023 dubium
947 1976 1018 2024 esse
1033 1963 1182 2041 nequeat,
1205 1975 1286 2038 quos
1307 1957 1405 2039 isqui

248 2060 463 2126 narrationem
484 2059 662 2143 composuit
676 2056 861 2124 adhibuerit
875 2062 1031 2125 auctores.
1063 2058 1282 2142 Compositam
1296 2065 1404 2126 autem

249 2180 321 2226 eam
345 2179 416 2226 esse
440 2160 555 2225 tacitus
576 2159 669 2243 posui
692 2159 734 2224 ab
762 2159 833 2244 ipso
855 2157 987 2232 Ovidic;
1018 2180 1081 2225 non
1110 2166 1246 2240 temere,
1276 2159 1403 2245 opinor,

248 2281 323 2327 uam
351 2281 434 2345 quae
464 2281 534 2326 cum
564 2259 786 2328 Eratosthenis
819 2260 967 2345 exemplo
1003 2259 1187 2344 discrepant
1222 2267 1277 2325 aut
1305 2262 1340 2328 in
1368 2283 1405 2330 eo

249 2363 373 2447 desunt,
397 2383 507 2430 eorum
521 2361 601 2428 nihil
619 2368 678 2448 est,
701 2361 788 2445 quod
801 2383 866 2430 non
881 2361 981 2446 possit
996 2363 1038 2428 ab
1053 2361 1125 2446 ipso
1141 2381 1212 2429 esse
1226 2364 1404 2447 profectum

250 2471 307 2532 aut
330 2465 415 2548 quod
438 2464 503 2532 dici
524 2473 666 2547 nequeat
682 2464 767 2531 unde
789 2464 913 2531 illatum
929 2468 984 2529 aut
1002 2483 1057 2529 cur
1071 2470 1224 2530 novatum
1240 2465 1291 2530 sit
1329 2465 1404 2533 Era·

249 2565 428 2632 tosthenem
452 2572 560 2632 autem
589 2568 632 2632 ab
661 2586 699 2634 eo
729 2586 799 2633 esse
829 2566 945 2632 lectum
970 2564 1075 2630 Fastis
1104 2566 1345 2652 comprobatur,
1374 2569 1405 2634 in

250 2667 368 2748 quibus
391 2684 476 2747 quae
498 2671 667 2733 narrantur
689 2667 819 2732 fabulae
833 2672 959 2750 praeter
976 2667 1116 2748 quinque
1132 2687 1241 2735 omues
1263 2669 1298 2735 in
1314 2668 1405 2737 Oeta·
1483 2681 1484 2720 l

250 2767 405 2834 sterismis
434 2767 568 2834 redeant
596 2765 651 2852 (cf.
674 2769 795 2834 Rcbert
822 2769 855 2833 in
877 2769 963 2833 Erat.
988 2767 1058 2834 Cat.
1080 2769 1137 2835 rel.
1161 2791 1190 2854 p.
1214 2771 1284 2855 29);
1308 2773 1405 2840 calli-
1483 2761 1484 2796 ³

250 2868 357 2936 machi
373 2888 449 2936 vero
465 2870 607 2936 carmina
622 2871 653 2936 ei
667 2870 794 2954 penitus
809 2876 885 2937 ncta
898 2869 996 2935 fuisse
1007 2891 1071 2937 non
1088 2871 1235 2952 estquod
1248 2894 1404 2942 moneam.
1483 2855 1484 2940 ἶ

250 2972 322 3053 Qua
344 2973 386 3040 de
409 2992 507 3039 eausa
529 2972 608 3040 mihi
629 2991 817 3057 persuasum
841 2979 891 3038 est
912 2970 1063 3038 Ovidium
1093 2973 1152 3040 hos
1174 2980 1323 3043 auctores
1345 2977 1406 3043 sibi
1483 3011 1484 3016 =

250 3077 424 3144 familiares
446 3077 534 3162 ipsos
557 3074 686 3157 adiisse,
709 3073 844 3157 etiamsi,
865 3073 901 3139 id
923 3073 1009 3155 quod
1030 3074 1064 3139 in
1086 3073 1192 3143 medio
1215 3076 1406 3162 relinquam,
1483 3085 1484 3140 ὲ

251 3179 400 3248 habuerit
420 3179 453 3246 in
477 3177 625 3244 manibus
648 3175 734 3259 quod
756 3194 855 3261 nuper
878 3176 1057 3259 complures
1079 3174 1110 3242 ei
1132 3177 1312 3246 tribuerunt
1334 3201 1407 3266 syn·
1483 3183 1484 3186 ’

250 3292 361 3368 togma
390 3279 640 3365 mythologicum
675 3278 727 3345 vel
762 3282 981 3362 syntagmata,
1016 3274 1103 3358 quod
1137 3277 1175 3344 G.
1202 3281 1341 3347 Knaadr
1376 3284 1409 3349 in
1483 3279 1484 3286 '

254 3383 385 3462 Quaest.
400 3380 536 3448 Phaeth.
551 3400 584 3463 p.
601 3384 640 3445 68
656 3380 761 3463 ipsam
777 3377 926 3446 Callistus
940 3378 1094 3461 fabulam,
1114 3397 1178 3461 qua
1193 3385 1409 3466 syntagmatis
1483 3365 1484 3456 f

252 3503 329 3552 usus
352 3483 600 3566 demonstretur,
623 3479 717 3546 affert
738 3479 878 3564 positum
907 3485 956 3545 est
982 3479 1017 3546 in
1038 3481 1171 3548 Maassii
1200 3483 1241 3547 de
1264 3482 1409 3555 Oataste·

253 3588 420 3654 rismorum
444 3582 567 3666 origine
588 3581 708 3650 iudicio
731 3589 762 3649 et
785 3602 857 3648 cum
878 3582 940 3648 hoc
956 3602 1014 3650 suo
1037 3585 1243 3652 fundamento
1259 3587 1411 3673 concidit,
1483 3589 1484 3630 ἒ

253 3689 281 3755 si
304 3688 424 3754 (latest.
448 3683 491 3751 ad
514 3685 758 3752 Eratosthenem
787 3683 921 3750 redeunt
948 3703 1052 3767 neque
1081 3706 1100 3752 e
1128 3685 1258 3754 scholiis
1281 3690 1411 3757 Arateis
1483 3731 1484 3780 3

340 3926 363 3988 ι)
380 3920 419 3976 ue
434 3925 586 3990 temporum
603 3919 840 3974 cananaeorum
856 3918 927 3974 roeo
941 3919 1021 3976 roeo
1037 3919 1158 3975 faunam
1170 3921 1205 3976 ao
1219 3921 1313 3978 cauo
1331 3925 1410 3994 prius
1483 3899 1484 3902 ‘

252 4005 282 4060 in
299 4005 419 4072 Metam,
438 4009 534 4072 postea
551 4004 579 4058 iu
597 4004 687 4060 Fastis
704 4006 849 4060 tractatam
867 4017 934 4059 esse.
