2958 4734
214 263 276 322 288
648 256 817 313 Reinholdus
837 256 926 310 Franz

217 431 487 513 animadverterit,
509 435 705 513 quantopere
727 426 793 511 ille,
816 443 879 508 quo
901 426 1005 509 magis
1027 446 1095 492 rem
1114 426 1300 511 illustraret,
1323 427 1381 494 hic

217 535 284 603 illio
307 534 347 600 de
370 552 427 600 sno
450 529 571 597 addere
593 531 764 611 amaverit,
795 529 822 594 si
851 545 934 609 quae
955 526 999 594 ad
1020 548 1125 594 rerum
1154 527 1380 596 condicionem

219 636 323 718 magis
338 631 592 718 cognoscendam
607 637 663 697 aut
677 629 719 696 ad
734 629 915 714 augendam
933 649 1039 696 rerum
1055 630 1179 714 copiam
1195 628 1379 698 con'duoere

219 737 443 815 arbitraretur,
466 751 649 815 quanquam
672 733 859 815 plerumque
884 751 936 799 res
958 737 1032 797 sunt
1058 731 1188 798 levioris
1211 731 1378 799 momenti.

219 840 339 904 Verum
362 843 470 901 tamen
492 834 544 900 hic
565 835 593 900 si
615 833 719 898 minus
741 834 858 916 omnia,
880 839 913 898 at
935 836 1021 899 certe
1042 833 1138 915 longe
1152 833 1292 917 plurima
1313 855 1380 899 non

222 959 264 1006 ex
278 937 401 1021 Hygini
416 934 517 1019 ipsius
532 934 670 1018 ingenio,
686 931 745 1032 sed
760 955 801 1000 ex
817 935 885 1001 eins
901 953 1048 1000 manasse
1063 934 1151 999 fonte
1166 933 1242 1000 inde
1259 952 1380 1015 cogno-

220 1039 336 1116 scitur,
361 1036 446 1120 quod
468 1056 531 1102 non
553 1037 657 1102 solum
678 1034 758 1101 nihil
780 1041 956 1102 ceterorum
979 1035 1167 1101 testimoniis
1190 1039 1246 1100 ant
1274 1038 1381 1103 tenori

220 1140 351 1206 fabulae
373 1143 543 1223 repugnat,
566 1136 742 1203 sedetiam
766 1138 934 1219 nonnulla,
962 1156 1045 1219 quae
1067 1157 1088 1201 a
1110 1137 1223 1203 ceteris
1246 1137 1380 1204 brevius

224 1260 321 1322 qnam
337 1241 452 1307 clarius
467 1239 647 1323 significata
661 1244 744 1320 sunt,
766 1258 897 1323 prorsus
912 1260 953 1305 ex
968 1258 1002 1303 re
1019 1239 1245 1323 explanantur;
1271 1240 1309 1304 of.
1326 1257 1379 1304 ex.

223 1362 270 1426 gr.
293 1342 394 1408 verba
415 1335 524 1421 ‘quam
546 1342 671 1406 Dianae
694 1340 833 1423 venanti,
856 1347 891 1406 ut
914 1360 985 1406 eam
1007 1338 1214 1418 interficeret,
1246 1337 1379 1405 demon·

222 1434 356 1508 strasse‘
376 1461 447 1506 cum
470 1441 517 1505 eis
536 1459 618 1522 qnae
641 1439 682 1505 de
704 1439 817 1505 eadem
842 1460 876 1505 re
897 1440 1041 1506 indicant
1056 1441 1154 1507 schol.
1171 1440 1264 1505 Hom.
1280 1441 1379 1508 Paus.

222 1540 390 1627 Apollodt
413 1540 570 1608 concedes
593 1541 713 1624 Hygini
734 1541 920 1607 memoriam
943 1542 1039 1626 longe
1062 1546 1282 1627 praestereat
1305 1562 1380 1608 cum

224 1663 349 1709 summa
363 1641 508 1709 veritatis
522 1643 631 1727 specie
646 1661 712 1707 rem
724 1642 902 1708 absolvere.
928 1644 1135 1727 Loonpletem
1149 1643 1246 1724 igitur
1262 1649 1381 1709 testem

222 1754 369 1812 tenemus
384 1764 422 1810 eo
445 1744 612 1826 insignem,
636 1741 807 1824 quodcum
831 1742 971 1826 reliquis,
996 1744 1060 1827 qui,
1083 1762 1153 1808 cum
1168 1742 1381 1810 similitudine

224 1846 364 1928 quadam
376 1845 605 1927 contineantur,
621 1863 662 1910 ex
674 1844 788 1910 codem
803 1864 912 1910 omnes
925 1842 1064 1927 pendere
1078 1843 1225 1910 videntur
1236 1853 1381 1928 anctore,

223 1949 312 2014 nullo
335 1945 533 2030 cognationis
555 1944 682 2010 vinculo
698 1944 882 2011 coniunctus
905 1951 963 2012 est.
1001 1944 1063 2023 Qui
1085 1966 1157 2011 cum
1177 1946 1321 2012 fabulam
1337 1966 1381 2012 ex

145 2041 149 2048 ’
171 2087 176 2096 ·
222 2054 315 2132 parte
336 2047 437 2112 insius
456 2053 488 2114 et
510 2046 688 2113 accuratius
704 2065 799 2127 qnam
822 2045 921 2112 ceteri
943 2053 1059 2128 narret,
1083 2046 1126 2113 ad
1147 2049 1380 2115 restituendam

227 2147 416 2216 Callimachi
438 2146 651 2213 narrationem
674 2165 790 2228 magno
812 2147 905 2214 nobis
928 2147 988 2213 erit
1009 2149 1120 2230 pretio.

309 2249 347 2314 ln
369 2247 489 2316 omissa
502 2246 640 2313 Arcadis
661 2247 822 2314 mentione
843 2268 906 2315 non
929 2249 1072 2317 offendet
1093 2249 1146 2332 qui
1162 2249 1283 2333 Hygini
1306 2271 1380 2316 con-

223 2351 329 2418 silium
352 2349 544 2435 respexerit:
574 2348 627 2414 hic
656 2351 740 2416 eninr
769 2370 840 2417 oum
865 2371 928 2418 non
953 2349 988 2415 id
1015 2357 1142 2434 ageret,
1170 2358 1205 2416 ut
1227 2349 1383 2418 Callistus

225 2473 320 2536 quam
344 2451 589 2536 diligentissime
607 2453 739 2518 referret
760 2451 912 2535 fabulam,
935 2450 993 2518 sed
1010 2456 1044 2516 ut
1062 2452 1238 2536 composita
1253 2459 1380 2521 senten-

223 2555 340 2620 tiarnm
354 2552 512 2618 varietate
528 2553 631 2619 Ursae
646 2552 820 2637 explicaret
835 2553 971 2637 signum,
991 2572 1086 2618 ursae
1101 2559 1227 2637 partum
1243 2573 1381 2621 comme-

224 2673 349 2720 morare
364 2651 443 2716 nihil
459 2653 618 2717 intererat.
656 2653 725 2717 Nec
742 2659 849 2718 tamen
863 2652 933 2736 ipse
948 2653 1106 2738 Hyginus,
1121 2653 1382 2738 quandoquidem

226 2752 471 2821 Catasterismos
493 2751 752 2818 Eratosthenicos
780 2752 859 2818 satis
881 2760 1029 2820 accurate
1052 2775 1090 2821 ac
1118 2757 1213 2839 plene
1235 2758 1303 2823 lere
1326 2778 1379 2823 ex-

224 2854 369 2940 scripsit,
392 2851 558 2918 historiam
580 2851 627 2917 ita
648 2851 845 2922 contraxisse
867 2854 1098 2922 existimandus
1121 2863 1183 2941 est,
1213 2863 1246 2922 nt
1267 2863 1382 2942 partus

225 2957 345 3023 mentio
368 2960 578 3037 excuteretur,
601 2953 660 3020 sed
683 2958 877 3020 contractam
900 2956 1071 3041 accepisse.
1107 2958 1230 3026 Pendet
1245 2978 1323 3042 ergo
1340 2979 1380 3026 ex

226 3080 265 3126 eo
281 3060 446 3144 scriptore,
470 3056 534 3140 qui,
554 3076 625 3121 oum
640 3055 718 3120 item
732 3054 873 3122 siderum
888 3057 1015 3124 fabulas
1031 3058 1205 3143 colligeret,
1226 3060 1260 3125 in
1276 3060 1381 3126 Ursae

225 3162 353 3228 nomine
376 3157 578 3242 expediendo
602 3157 853 3225 Callimacheam
877 3158 918 3224 de
941 3159 1073 3227 Callisto
1099 3161 1331 3244 narrationem,
1360 3182 1381 3227 a

225 3259 460 3344 mythographo
483 3258 622 3340 quodam
644 3259 697 3326 lus
726 3258 856 3325 fabulae
878 3259 1109 3343 adaequatam,
1138 3262 1185 3327 ita
1213 3263 1381 3347 receperit,

224 3365 269 3442 ut,
293 3359 347 3443 qui
363 3360 405 3424 ad
421 3380 513 3426 suum
529 3359 694 3425 consilinm
710 3379 967 3444 supervacaneus
989 3369 1082 3445 esset,
1105 3363 1265 3429 Arcadem
1289 3365 1381 3432 omit

225 3465 322 3543 teret,
344 3459 469 3543 reliqua
493 3460 614 3525 intacta
645 3467 856 3528 conservaret.
894 3461 996 3540 Quem
1018 3464 1116 3530 luisse
1131 3465 1275 3549 suspicor
1297 3466 1380 3528 Por-

225 3563 402 3626 moaisccm.
443 3560 615 3642 Excipiunt
638 3560 723 3627 enim
751 3564 965 3631 narrationem
988 3584 1029 3632 ex
1052 3565 1286 3633 Catasterismis
1301 3568 1381 3634 Era-

225 3660 412 3731 tosthenicis
440 3667 601 3745 sumptam
631 3668 695 3727 tres
722 3663 871 3730 aliae-
899 3683 981 3747 qnae
1003 3665 1084 3732 inter
1106 3667 1138 3732 11
1161 3674 1194 3732 et
1216 3668 1263 3732 III
1284 3668 1381 3734 inter-

224 3766 331 3848 posita
358 3768 431 3829 sunt
453 3763 553 3828 rerba
579 3757 662 3829 ‘Hoo
690 3764 815 3846 signum
838 3801 880 3812 —
902 3801 944 3812 -
966 3774 1065 3832 -ut
1093 3759 1223 3852 paelex'
1249 3768 1382 3836 aliunde

225 3865 318 3931 illata
339 3883 443 3946 neque
466 3864 508 3929 ab
530 3863 601 3948 ipso
624 3864 753 3949 Hygino
776 3866 919 3950 profecta
941 3887 1011 3934 esse
1033 3868 1116 3934 infra
1138 3868 1305 3936 ostendam
1327 3907 1381 3953 -,

225 3985 358 4046 quarum
387 3967 519 4031 ultimae
548 3971 659 4032 auctor
687 3965 836 4034 laudatur
863 3968 1035 4036 Ariaethus
1063 3971 1230 4054 Tegeates.
1276 3971 1382 4039 Huius
