2988 4728
261 413 322 472 306
699 413 869 470 Reinholdus
887 413 978 470 Franz

261 586 345 654 enim
361 591 433 671 post
448 585 688 668 Callimachum,
708 604 729 649 a
744 605 806 669 quo
822 585 925 652 Ursae
940 586 1237 672 interpretationem
1252 592 1422 656 mutuatus

261 695 318 768 est,
331 689 390 755 sed
401 695 477 755 ante
489 686 720 773 Apollodorum
731 687 971 771 Atheniensem,
984 687 1038 769 qui
1051 707 1123 754 eum
1135 689 1168 754 in
1180 688 1421 756 conscribendis

261 791 340 876 περὶ
359 789 565 870 dsciclibris
587 788 734 855 adhibuit
757 787 810 870 (cl.
826 790 951 856 Munzel
974 790 1104 870 Quaest.
1124 790 1282 874 mythogr.
1304 813 1338 876 p.
1358 795 1421 868 16).

808 1027 863 1093 IV.

801 1165 820 1241 s
847 1168 873 1229 r.

344 1301 388 1366 At
417 1299 562 1366 Ariaethi
591 1306 785 1382 commenta,
815 1317 947 1380 quorum
977 1304 1105 1381 praeter
1130 1298 1293 1380 Hyginum
1323 1317 1419 1366 nemo

259 1401 417 1482 meminit,
440 1400 629 1467 auctoritate
651 1402 749 1482 longe
777 1407 907 1485 superat
928 1401 1189 1465 Ennrosrmsurs
1216 1400 1249 1464 in
1273 1399 1418 1466 Oataste·

257 1503 363 1569 rismis
386 1502 480 1568 trium
501 1501 597 1567 simul
619 1499 760 1568 siderum
783 1521 824 1568 ex
843 1521 907 1567 una
923 1501 1074 1567 Callistus
1095 1501 1207 1566 fabula
1230 1502 1417 1585 explicatio.

258 1604 336 1669 Tria
357 1610 464 1669 autem
486 1603 544 1669 illa
565 1603 672 1670 sidera
693 1604 764 1670 loco
788 1609 820 1670 et
841 1602 1022 1669 nominibus
1043 1610 1112 1669 arte
1128 1603 1296 1669 coniuncta
1310 1609 1417 1669 erant:

257 1724 333 1770 nam
347 1697 491 1790 ’Ἄρκτον
513 1701 574 1790 τὴν
595 1703 740 1792 μεγάλην
762 1705 973 1772 comitabatur
994 1699 1014 1789 ἡ
1041 1701 1142 1788 μικρὰ
1165 1710 1197 1769 et
1220 1705 1418 1786 sequebatur

253 1796 500 1892 Ἀρκτοφύλαξε
522 1806 633 1891 itaque
654 1808 708 1873 vel
729 1806 860 1874 nomina
874 1805 1090 1891 postulabant,
1112 1810 1148 1871 ut
1163 1826 1204 1871 ex
1219 1825 1283 1871 una
1305 1805 1418 1872 fabula

258 1908 430 1994 explicatio
450 1913 654 1992 repeteretur.
691 1907 753 1986 Qui
767 1915 874 1974 autem
890 1906 1141 1973 calumacheam
1156 1905 1261 1972 Ursae
1283 1907 1418 1974 maioris

257 2010 552 2095 interpretationem
574 2009 702 2092 ascivit,
726 2010 757 2074 ei
779 2007 1060 2076 demonstrandum
1089 2014 1172 2092 erat,
1202 2028 1257 2074 cur
1280 2008 1418 2077 Callisto

257 2110 338 2177 duas
360 2110 480 2192 figuras
501 2112 535 2176 in
558 2111 647 2177 caelo
670 2111 805 2177 haberet
834 2117 866 2176 et
889 2110 960 2193 quis
986 2110 1054 2176 eius
1077 2117 1163 2176 esset
1184 2117 1300 2179 custos.
1347 2113 1418 2180 Hoc

257 2212 416 2296 praestitit
437 2219 549 2279 auctor
570 2211 760 2278 narrationis
784 2232 824 2278 ex
847 2212 894 2278 eis
917 2210 1136 2295 refingendae,
1160 2214 1298 2295 quaein
1321 2215 1418 2282 Uata·

258 2312 412 2380 sterismis
429 2314 461 2378 in
473 2314 576 2380 Ursae
592 2312 721 2379 maioris
736 2318 778 2397 (p.
793 2319 832 2378 50
842 2333 912 2397 sqq.
925 2313 1057 2397 Robert)
1070 2317 1102 2378 et
1112 2313 1243 2380 minoris
1256 2311 1302 2398 (p.
1316 2316 1418 2400 56R.)

259 2420 291 2481 et
312 2415 558 2500 Arctophylaois
581 2413 626 2500 (p.
650 2418 690 2478 74
703 2433 772 2499 sqq.
785 2415 837 2495 R.)
865 2415 965 2481 titulis
986 2414 1159 2498 separatim
1181 2416 1309 2499 prolata
1332 2423 1417 2485 sunt.

257 2518 343 2583 Nam
364 2517 408 2582 ad
435 2537 532 2583 unam
559 2517 641 2583 haec
669 2517 777 2584 omnia
805 2517 909 2582 redire
936 2515 1152 2582 narrationem
1182 2517 1330 2600 pluribus
1361 2540 1417 2586 ex·

256 2637 377 2702 ponere
398 2638 462 2683 non
484 2637 564 2700 opus
588 2624 651 2699 est,
675 2618 826 2701 quoniam
849 2637 901 2683 res
930 2618 1001 2700 ipsa
1023 2617 1215 2700 cogitantem
1239 2616 1335 2686 docet
1357 2641 1418 2688 nec

256 2718 403 2800 singulae
425 2724 534 2800 partes
555 2736 613 2801 per
635 2737 671 2784 se
693 2724 780 2784 stare
802 2723 936 2801 possunt
957 2726 1013 2785 aut
1035 2719 1114 2785 satis
1135 2719 1281 2803 intellegi
1294 2722 1331 2804 ¹).

344 2819 425 2883 Rem
447 2823 558 2883 auctor
579 2817 625 2883 ita
646 2817 783 2884 instituit
790 2868 799 2901 ,
824 2825 860 2884 ut
881 2818 1024 2885 fabulam
1045 2819 1241 2887 Hesiodeam
1262 2824 1415 2906 praemit-

255 2923 348 3003 teret,
371 2920 454 2986 hane
469 2925 577 2986 autem
592 2919 649 3004 eis,
672 2938 756 3002 quae
772 2919 813 2988 de
827 2920 914 2985 Iovis
935 2920 970 2985 in
984 2920 1126 3004 puellam
1148 2921 1260 2988 fraude
1276 2914 1415 3008 Amphis

256 3020 444 3106 addidisset,
468 3023 632 3108 suppleret
653 3041 692 3088 ao
714 3021 831 3089 deinde
853 3022 923 3106 ipse
944 3023 990 3089 ita
1008 3021 1215 3107 continuaret,
1237 3031 1272 3090 ut
1295 3025 1329 3091 in
1352 3025 1416 3092 fine

254 3129 319 3191 tres
348 3131 552 3191 nascerentur
582 3123 809 3207 catasterismi,
845 3144 864 3190 e
892 3123 1007 3206 quibus
1039 3144 1137 3189 unum
1166 3145 1186 3190 a
1215 3126 1415 3195 Callimacho

255 3310 327 3363 1513.
350 3309 474 3363 serravit.
506 3308 629 3362 ‘Praeter
647 3308 805 3363 Ariaethum
827 3307 952 3362 novimus
970 3307 1193 3376 Hegesianactsm
1210 3309 1414 3366 Anacreontem

142 3417 151 3434 ·
254 3393 444 3460 Hermippum
463 3393 627 3461 reliquorum
645 3392 754 3446 nomina
771 3391 913 3447 nescimus.
943 3391 1068 3447 Ueterum
1081 3394 1115 3447 cf.
1129 3394 1222 3448 Maass
1234 3395 1316 3449 Anal.
1331 3396 1411 3451 Erat.

253 3495 281 3548 p.
299 3481 332 3532 43
341 3492 382 3544 sq.

343 3565 367 3627 1)
378 3560 433 3615 Res
446 3573 599 3629 quanquam
611 3558 760 3615 Robertum
771 3558 850 3628 fugit,
862 3562 954 3614 tamen
964 3563 1007 3615 est
1018 3560 1179 3616 certisnma:
1199 3563 1323 3629 nemeis,
1344 3579 1415 3634 quaa

254 3647 288 3702 de
300 3646 376 3702 Ursis
389 3646 491 3699 maiore
503 3649 531 3698 et
542 3644 647 3698 minore
658 3645 765 3714 prolata
776 3648 848 3709 sunt,
861 3657 942 3698 unam
954 3645 1026 3700 ellici
1038 3645 1220 3702 namationsm
1232 3663 1287 3702 non
1299 3647 1415 3704 dubium

253 3729 411 3800 relinquunt
432 3729 515 3784 verba
536 3729 564 3783 in
584 3727 671 3783 Ursae
694 3728 805 3784 minoris
827 3729 906 3784 titulo
930 3730 963 3784 de
982 3730 1092 3786 Callisto
1117 3730 1189 3785 dicta
1212 3722 1289 3788 ὥστε
1313 3729 1415 3798 δισσὰς

253 3809 329 3886 ἔχειν
341 3811 424 3884 τιμὰς
433 3819 538 3883 atquae
549 3813 717 3883 praecedunt
728 3810 829 3887 ἕτερον
841 3811 959 3870 εἴδωλον
971 3813 1017 3880 (cl.
1027 3829 1112 3884 supra
1124 3831 1151 3884 p.
1162 3819 1299 3884 290sqq.);
1312 3817 1414 3872 Arcto·

253 3899 376 3968 phylaeis
390 3904 418 3954 et
428 3899 514 3954 Ursae
526 3897 635 3953 maioris
647 3897 777 3953 historias
788 3898 876 3953 dirimi
888 3914 943 3953 non
953 3914 1034 3967 posse
1045 3899 1188 3969 utriusque
1199 3898 1288 3954 exitus
1301 3900 1414 3966 clamat,

253 3981 302 4037 ubi
319 3984 353 4038 cb
371 3984 473 4038 laesam
491 3983 585 4052 templi
602 3982 758 4052 religionem
775 3984 856 4037 matri
872 3984 975 4053 pariter
992 3999 1026 4038 ac
1043 3984 1099 4038 fillo
1117 3985 1152 4039 ab
1166 3983 1318 4040 Arcadibus
1337 4001 1413 4040 mors

253 4065 344 4134 instat,
363 4068 442 4123 ambo
459 4068 542 4138 igitur
558 4066 593 4122 ad
611 4069 716 4122 caelum
734 4068 885 4137 abripiendi
906 4073 982 4135 sunt,
1005 4067 1076 4123 siout
1099 4073 1173 4123 recte
1196 4067 1271 4136 apud
1287 4067 1361 4138 Hyg.
1387 4073 1415 4124 et

253 4150 337 4206 schol.
357 4150 483 4208 German.
