2958 4734
260 281 321 340 246
696 278 864 333 Reinlroldus
881 277 969 332 Franz

263 454 397 521 subesse
419 452 491 518 visa
513 457 562 517 est
583 451 729 517 sollemni
751 450 800 517 illi
823 450 905 534 ritui,
928 469 990 532 quo
1013 451 1141 534 puellae
1156 448 1282 514 Atticae
1297 453 1417 518 teneris

260 558 351 623 annis
366 554 491 621 Dianae
503 553 699 619 Brauroniae
710 553 954 635 Munichiaeque
969 571 1060 618 sacra
1075 551 1281 638 peragebant,
1299 546 1417 635 ἄρκτοι

259 663 394 723 vocatae
406 657 439 739 ¹).
483 658 526 720 At
548 662 621 720 sunt
642 655 696 736 qui
719 662 836 738 negent
858 655 947 721 illam
970 655 1150 739 puellarum
1166 655 1416 740 appellationem

259 781 330 827 cum
353 779 446 826 ursae
474 757 602 822 nomine
624 755 689 822 ullo
718 758 812 824 modo
836 757 1017 824 cohaerere.
1061 756 1151 835 Quae
1172 776 1193 822 a
1221 757 1303 824 deae
1325 758 1416 824 aditu

259 884 321 929 non
345 864 452 928 essent
474 861 634 941 exclusae,
657 858 770 924 maluit
791 858 933 943 intellegi
955 859 994 923 K.
1010 858 1112 924 Lehrs
1134 852 1275 942 (‘Popul.
1297 854 1416 926 Αιιΐιῖ·2

259 986 290 1048 p.
313 964 384 1046 IX),
406 983 478 1029 cum
502 955 619 1047 ἄρκτοι
642 967 835 1028 contractum
859 979 930 1026 esse
952 960 1051 1025 vellet
1077 980 1117 1026 ex
1146 959 1248 1025 forma
1271 955 1414 1045 ἅερκτοι.

260 1064 350 1143 Quae
381 1071 486 1130 tamen
515 1063 696 1130 conlectura
724 1068 809 1128 stare
832 1060 986 1142 nequire).
1030 1062 1233 1129 Probabilius
1255 1083 1333 1130 vero
1358 1071 1414 1146 est,

259 1167 344 1249 quod
373 1186 444 1232 cum
467 1166 628 1232 Lobeelrio
651 1164 824 1249 (Aglaoph.
847 1183 876 1248 p.
900 1167 941 1227 74
964 1162 1051 1244 adn.)
1080 1164 1281 1248 nuperrimos
1303 1166 1415 1232 statuit

258 1267 460 1352 ampliusque
488 1266 687 1334 confirmavit
717 1265 792 1332 Otto
816 1265 925 1331 Keller
953 1258 1077 1342 (Tiere
1107 1264 1136 1330 ι1.
1160 1266 1258 1333 klass.
1289 1261 1411 1332 Altert.'

259 1389 290 1454 p.
318 1372 403 1448 110):
423 1366 499 1434 ‘Die
522 1370 636 1445 Biren
660 1361 783 1451 ἄρκτοι,
809 1373 990 1448 genannten
1012 1366 1171 1433 Mtdchen
1194 1366 1251 1432 der
1272 1369 1414 1434 Artemis

242 1470 331 1536 'sind
362 1468 517 1535 vielmehr
540 1469 775 1556 Idingeweihte,
806 1461 936 1552 ἂρκτοί,
965 1466 1019 1533 die
1047 1466 1079 1532 in
1109 1468 1165 1535 der
1194 1469 1415 1537 alleritltesten

260 1572 408 1638 rehesten
427 1571 498 1637 Zeit
519 1572 664 1639 offenbar
684 1570 832 1656 geopfert
853 1568 993 1650 wurden,
1016 1570 1169 1637 wdhrend
1193 1570 1264 1637 eine
1286 1579 1413 1656 spdtere

260 1674 393 1740 mildere
416 1672 488 1739 Zeit
508 1672 577 1740 sich
598 1674 657 1739 mit
678 1673 752 1739 dem
771 1671 1008 1755 symbolisehen
1023 1670 1131 1755 Opfer,
1154 1672 1215 1739 wie
1238 1694 1272 1740 es
1294 1673 1326 1740 in
1349 1674 1412 1740 den

261 1776 441 1858 Satnungen
469 1776 526 1843 des
557 1776 847 1841 Vestalinnentums
874 1775 967 1857 liegt,
1002 1766 1178 1859 begndgte.'
1230 1774 1289 1841 Oui
1317 1775 1412 1842 inter·
1449 1843 1450 1850 ,

259 1877 446 1964 pretationi,
474 1877 534 1944 etsi
560 1876 696 1962 simplex
726 1878 858 1943 verbum
888 1871 1054 1960 ἄρχεσθαι
1078 1877 1140 1943 hac
1167 1876 1296 1964 notione
1324 1898 1412 1944 usur·

260 1985 370 2065 patum
384 2000 477 2046 nemo
493 1977 680 2046 monstravit
702 1999 761 2044 nec
781 1977 850 2044 sine
867 1977 1024 2062 exemplis
1039 1985 1088 2044 cst
1110 1977 1288 2061 puellarum
1303 1981 1412 2064 appel-

260 2083 338 2149 latio
366 2082 492 2167 vulgari
520 2101 616 2148 sensu
645 2086 777 2164 accepta
788 2081 830 2162 ³),
858 2080 1010 2146 nonnulla
1037 2085 1146 2146 tamen
1174 2079 1299 2165 favent,
1329 2088 1413 2147 certe

347 2252 372 2315 t)
391 2247 559 2304 Testimonic
575 2248 683 2316 collegit
705 2253 732 2302 et
748 2263 782 2302 ex
800 2247 840 2302 eis
858 2262 937 2302 sacra
960 2246 1104 2316 descripsit
1127 2248 1334 2318 explanaritque
1351 2253 1414 2317 post

261 2336 329 2391 alios
347 2335 394 2402 (cf.
408 2333 531 2388 Gerhard
548 2331 632 2404 myth.
653 2333 700 2388 Gr.
715 2335 731 2402 ᾗ
745 2336 804 2398 331,
819 2331 1240 2399 1)Welekerinl)ootr.deor.1
1258 2350 1285 2402 p.
1299 2339 1346 2387 571
1357 2350 1412 2402 sqq.

261 2420 400 2475 Nonnulla
425 2418 543 2474 correxit
565 2423 614 2472 aut
637 2420 722 2488 magis
747 2421 892 2474 exsecutus
918 2422 960 2472 cst
982 2420 1050 2486 Aug.
1071 2417 1220 2472 Mommsen
1244 2420 1273 2472 in
1292 2419 1412 2474 Heortol.

261 2523 288 2575 p.
308 2510 357 2560 406
369 2521 427 2574 sqq.
469 2504 532 2558 Alia
556 2517 644 2572 pauca
661 2504 765 2559 addidit
782 2504 950 2558 Schoemann
972 2501 1000 2556 in
1019 2503 1130 2571 Antiqu.
1149 2503 1196 2557 Gr.
1208 2503 1252 2556 11³
1268 2520 1294 2573 p.
1315 2508 1364 2558 480
1375 2521 1413 2573 sq.

261 2593 347 2646 Sacra
364 2590 494 2643 habuisse
511 2589 661 2643 uenationis
680 2590 798 2658 speciem
817 2588 932 2644 coniecit
949 2587 1023 2642 Frid.
1042 2587 1118 2642 Back
1135 2587 1163 2640 in
1182 2587 1245 2642 diss.
1265 2590 1298 2644 de
1317 2589 1413 2644 Graec.

262 2674 433 2730 caerimoniis
450 2674 479 2727 in
501 2674 598 2743 quibus
616 2673 738 2728 homines
755 2673 867 2727 deorum
884 2673 942 2727 vice
959 2672 1067 2741 tungeb.
1087 2673 1175 2727 Berol.
1191 2676 1255 2728 1883
1274 2689 1302 2742 p.
1316 2677 1358 2728 26.
1373 2679 1414 2728 28.

350 2766 376 2828 2)
393 2761 494 2816 Notum
512 2764 554 2813 est
571 2757 714 2813 Lehrsium
738 2773 831 2813 eorum
853 2756 1012 2811 sententiam
1038 2758 1137 2812 acriter
1159 2758 1346 2828 impugnasse,
1371 2761 1415 2827 qui

261 2847 404 2914 religiones
429 2846 594 2901 Graecorum
617 2843 652 2898 ad
670 2848 795 2898 naturam
811 2845 971 2897 revocarent
988 2841 1033 2909 (cl.
1047 2835 1156 2911 ‘Popul
1175 2838 1278 2899 Auts.’²
1294 2861 1321 2913 p.
1342 2848 1414 2910 tot),

262 2933 362 2988 eisdem
380 2937 411 2985 ut
428 2937 613 2999 argumentum
631 2930 762 3000 eriperet,
784 2927 864 2982 istam
882 2925 998 2982 nominis
1020 2927 1269 2996 interpretationem
1293 2930 1415 2998 protulit.

262 3021 300 3073 At
316 3019 375 3074 fieri
392 3018 521 3086 potuisse,
541 3021 571 3071 ut
588 3032 657 3086 quae
675 3013 793 3088 ἄερκτοι
810 3016 913 3079 essent,
934 3017 990 3066 tam
1006 3012 1118 3081 antiqua
1133 3011 1188 3066 iam
1206 3020 1295 3069 aetate
1313 3012 1415 3086 ἄρκτοι

264 3110 292 3158 et
304 3109 465 3159 vocarentur
477 3106 505 3157 ct
515 3102 741 3171 intellegerentur,
754 3105 785 3152 ut
796 3099 927 3168 pristinae
938 3097 1142 3167 significationis
1154 3112 1188 3152 ne
1200 3099 1297 3154 umbra
1308 3101 1415 3170 quidem

263 3187 291 3242 in
304 3189 430 3242 memoria
441 3187 646 3256 relinqueretur,
664 3185 764 3241 collato
776 3177 867 3256 ἀργὸς
878 3183 1009 3238 vocabulo
1020 3183 1129 3237 minime
1141 3183 1229 3238 evicit.
1259 3185 1329 3240 Nam
1342 3186 1416 3254 apud

263 3272 409 3326 Homerum
432 3271 632 3341 Hesiodumque
654 3285 788 3340 nusquam
810 3269 943 3324 invenitur
965 3267 1052 3322 forma
1075 3272 1231 3333 conuecta,
1255 3267 1303 3323 sed
1325 3269 1416 3323 soluta

264 3357 365 3425 ubique
383 3349 496 3428 ἄεργός.
534 3357 668 3423 originem
687 3369 749 3409 vero
766 3353 891 3408 vocabuli
913 3352 1075 3407 recentiores
1098 3352 1204 3407 demum
1222 3352 1320 3408 Graeci
1338 3355 1416 3408 obliti

263 3446 328 3497 sunt
345 3441 390 3505 (cf.
403 3441 515 3496 Lobeelr
532 3442 567 3497 ad
586 3441 685 3511 Phryn.
704 3456 731 3508 p
746 3438 939 3504 rustecus
955 3437 983 3492 id
1000 3452 1094 3506 genus,
1110 3436 1185 3493 velut
1202 3433 1415 3505 ἅέκωνιᾶκων,

263 3524 384 3585 declae:
403 3517 504 3592 ἆθλον,
523 3541 629 3596 semper
640 3525 754 3581 formam
767 3528 909 3578 servarunt
920 3523 1062 3592 duplicem
1091 3522 1178 3576 Estne
1195 3522 1276 3591 igitur
1289 3524 1449 3579 credibile

262 3629 355 3669 rocem
373 3632 496 3684 αερκτος
513 3611 592 3681 plane
610 3611 691 3666 aliam
709 3611 793 3679 legem
810 3612 931 3663 secutam
949 3598 1027 3662 esse?
1053 3608 1228 3676 1mmo‚quia
1240 3623 1274 3663 ex
1292 3583 1449 3681 ἄερκτος

263 3691 370 3773 ἄρκτος
387 3699 465 3752 fieret
482 3711 592 3752 necesse
609 3701 675 3763 erat,
694 3711 726 3750 co
744 3699 832 3750 minus
845 3711 906 3748 cnm
924 3689 1034 3765 ἄρκτου
1052 3691 1155 3747 bestiae
1166 3693 1273 3748 nomine
1285 3694 1415 3750 conlundi
1448 3657 1449 3759 1

262 3787 369 3853 poterat
385 3783 493 3852 puellae
510 3780 655 3851 appellatio
667 3795 754 3850 eoque
771 3780 893 3834 tenacius
905 3794 1000 3833 vocum
1017 3776 1168 3834 differentia
1180 3781 1310 3846 ortusque
1322 3781 1417 3850 appel-

262 3868 371 3923 lationis
389 3869 416 3921 in
435 3867 558 3922 sensibus
576 3868 686 3921 haerere
706 3865 829 3920 debebat.

348 3958 373 4021 3)
391 3953 564 4019 Abanimali
587 3951 703 4007 numinis
728 3965 805 4005 sacro
828 3949 981 4005 sacerdotes
1005 3949 1046 4005 vel
1068 3949 1166 4018 quibus
1188 3962 1268 4003 sacra
1290 3947 1416 4004 iacienda

262 4044 339 4094 erant
356 4039 465 4094 nomina
482 4037 590 4092 trabere
607 4037 714 4091 minime
730 4034 883 4090 inauditum
901 4041 950 4102 est,
969 4036 1049 4090 immo
1067 4035 1095 4089 in
1113 4033 1197 4103 ipsius
1216 4033 1322 4088 Dianae
1340 4035 1416 4090 cultu
