2958 4734
228 263 290 322 268
664 257 831 314 Reinboldus
850 257 939 312 Franz

224 433 371 515 evicerit,
401 431 465 498 iam
489 429 665 498 videamus.
711 428 805 508 Quod
826 430 918 496 Arati
940 427 1276 497 commemorationem
1296 421 1381 494 ‘eum

224 536 393 621 τραφῆναι
415 533 502 600 male
524 525 623 600 coire'
650 532 728 600 dicit
749 553 812 600 non
834 549 965 617 prorsus
989 549 1158 613 assequor;
1182 549 1258 595 nam
1281 530 1381 596 multo

225 636 322 704 etiam
351 636 455 701 minus
485 632 697 702 catasterismi
726 635 845 701 mentio
875 652 945 698 oum
967 632 1116 718 ταφῆναι
1138 630 1212 698 coit.
1228 629 1319 710 Quae
1342 630 1382 698 de

225 742 326 805 Arato
357 736 557 822 proteruntur
585 756 656 802 cum
685 735 838 821 proximis
868 734 995 802 omnino
1021 754 1085 801 nou
1114 732 1302 815 cohaerent;
1336 731 1381 798 di-

225 854 353 902 versam
376 835 461 903 eninr
483 836 646 903 continent
669 836 709 904 de
738 843 882 904 extrema
905 834 1056 901 Callistus
1078 834 1204 902 fortuna
1225 835 1381 900 narratio-

224 957 297 1003 nem
320 955 456 1019 eamque
478 936 710 1020 posterioribus
732 937 856 1021 tritam,
884 956 925 1002 ex
948 955 1012 1018 qua
1034 935 1166 1002 Callisto
1189 934 1273 1001 inter
1296 943 1382 1003 astra

225 1041 355 1122 recepta
382 1042 466 1120 erat,
497 1038 588 1122 falso,
611 1043 646 1105 ut
668 1039 751 1105 infra
773 1036 950 1122 ostendam,
973 1038 1072 1103 Arato
1095 1036 1278 1120 ascriptam.
1318 1037 1383 1104 Sed

227 1158 299 1205 oum
322 1157 439 1222 magna
460 1140 529 1206 veri
550 1139 659 1225 specie
680 1138 808 1207 Ahrens
830 1138 941 1205 statuit
962 1138 995 1203 in
1017 1139 1079 1204 hoc
1100 1137 1222 1204 scholio
1246 1137 1288 1204 da
1311 1137 1383 1204 Cal·

227 1239 320 1307 listus
342 1240 397 1325 agi
419 1242 556 1324 tumulo,
586 1262 625 1308 ac
653 1241 801 1325 speciosa
824 1246 887 1324 est,
916 1238 1083 1322 confiteor,
1114 1258 1179 1321 qua
1200 1245 1383 1323 corruptum

227 1341 343 1408 scholii
357 1341 482 1408 initium
499 1343 646 1425 restituit,
666 1342 856 1424 coniectura,
873 1359 1056 1425 quanquam
1072 1361 1093 1406 a
1107 1339 1307 1408 dubitatione
1321 1361 1384 1408 non

226 1443 339 1526 libera,
363 1444 440 1525 quia
457 1444 638 1510 Pausaniae
661 1442 842 1508 testimonio
864 1447 990 1508 constat
1010 1461 1074 1510 non
1088 1441 1148 1507 sub
1162 1442 1302 1525 Lycaeo,
1325 1442 1384 1510 sed

226 1544 286 1610 sub
298 1544 445 1612 Maenalo
460 1544 611 1611 Callistus
624 1543 779 1610 tumulum
790 1542 897 1623 iuuisse,
916 1561 1012 1624 quam
1024 1541 1244 1609 difficultatem
1257 1545 1383 1612 Abrens

227 1664 393 1712 removere
415 1647 533 1712 trustra
555 1651 688 1710 conatus
716 1649 774 1710 est.
818 1646 863 1709 At
885 1649 935 1709 est
956 1642 1215 1728 deliberandum,
1244 1645 1383 1713 liceatne

226 1746 353 1813 omuino
379 1766 462 1830 quae
476 1747 707 1814 Ambrosianus
729 1745 871 1814 servavit
894 1745 1085 1828 coniungere
1104 1766 1176 1814 oum
1193 1747 1256 1811 isto
1278 1746 1380 1830 initio,

227 1849 377 1934 quoniam
393 1870 457 1916 non
471 1848 539 1916 sine
554 1848 588 1913 vi
603 1846 687 1914 duae
701 1849 783 1916 istae
794 1854 904 1933 partes
915 1847 1184 1930 conglutinantur.
1214 1846 1295 1912 Mihi
1307 1867 1381 1914 vero

226 1951 368 2017 nascitur
389 1950 526 2035 suspicio
543 1969 625 2033 eum,
649 1971 669 2015 a
685 1949 773 2016 cuius
789 1969 885 2017 manu
900 1949 1023 2016 scholia
1039 1949 1157 2016 codicis
1173 1948 1294 2016 Cenev.
1311 1970 1381 2034 pro·

226 2054 310 2117 fecta
322 2059 404 2134 sunt,
421 2071 503 2134 quae
514 2056 664 2134 separata
678 2051 811 2131 legisset
824 2050 927 2118 invita
935 2051 1088 2118 memoria
1099 2049 1306 2118 contraxisse.
1336 2052 1381 2116 Eo

226 2151 377 2234 adducor,
400 2153 482 2218 haec
497 2172 567 2217 cum
583 2157 709 2234 reputo:
731 2151 872 2217 Primum
887 2152 1015 2219 omnino
1038 2151 1185 2219 dubitare
1199 2150 1284 2235 licet,
1307 2172 1381 2218 num

226 2249 376 2317 θάπτειν
388 2250 436 2328 εἰς
450 2245 545 2338 ἠρίον
560 2252 683 2319 Graece
695 2252 813 2319 dictum
825 2253 875 2319 sit.
899 2252 1023 2320 Deinde
1035 2252 1165 2320 difficile
1177 2261 1225 2320 est
1235 2254 1380 2337 probare,

228 2354 387 2436 quomodo
410 2353 480 2422 fieri
501 2355 656 2440 potuerit,
684 2360 720 2421 ut
742 2352 909 2419 ἐλθοῦσαν
932 2354 1052 2422 scholio
1075 2353 1258 2421 inferretur:
1286 2353 1381 2422 inter·

226 2457 366 2540 polatori
389 2456 474 2524 enim
498 2458 533 2524 id
555 2458 693 2524 tribuere
716 2457 814 2523 debet
835 2456 890 2541 qui
911 2457 1081 2522 lectionem
1102 2457 1251 2542 ταφῆναι
1272 2475 1381 2522 reram

226 2556 323 2622 ducit.
368 2557 452 2623 Nam
481 2558 509 2623 si
537 2558 689 2625 inusitata
717 2561 786 2624 erat
814 2557 950 2624 elocutio
974 2555 1023 2633 εἰς
1049 2554 1067 2622 ὃ
1089 2593 1132 2604 -
1154 2557 1318 2644 ταφῆναι,
1348 2565 1382 2622 ut

228 2676 292 2722 non
311 2656 559 2742 intellegeretur,
581 2664 709 2725 nonest
731 2657 884 2724 credibile
908 2678 979 2724 eam
1002 2659 1210 2726 ascholiasta
1232 2678 1304 2725 esse
1326 2659 1379 2725 ad-

229 2757 381 2841 hibitam;
404 2758 454 2824 sin
476 2764 545 2824 erat
560 2760 679 2826 usitata
693 2767 725 2825 et
739 2759 888 2842 intellegi
902 2765 1036 2844 poterat,
1058 2761 1174 2826 frustra
1189 2760 1380 2844 quaerimus,

229 2879 285 2926 cur
303 2855 432 2926 tandem
449 2859 545 2926 etiam
561 2869 751 2928 conservata
765 2861 900 2947 pristina
914 2861 1051 2928 lectione
1066 2863 1215 2948 ταφῆναι
1228 2860 1381 2930 insertum

228 2963 270 3028 sit
293 2959 476 3042 ἐλθοῦσαν,
506 2981 569 3044 quo
599 2981 711 3030 sensus
739 2963 892 3030 turbatur.
935 2962 1083 3044 Denique
1111 2982 1174 3031 non
1202 2962 1381 3030 levissimos

228 3070 337 3132 movet
364 3065 530 3150 scrupulos
559 3064 687 3132 deserta
719 3065 831 3150 optimi
862 3064 937 3130 libri
969 3065 1151 3132 auotoritas.
1203 3063 1294 3142 Quae
1328 3086 1382 3133 eur

229 3172 412 3250 spernatur,
435 3185 548 3234 vereor
578 3174 613 3234 ut
642 3165 721 3233 satis
743 3167 785 3233 sit
806 3185 932 3234 causae.
975 3166 1180 3232 Ambrosiani
1208 3166 1293 3232 enim
1316 3188 1378 3234 me-

228 3268 346 3349 moria,
369 3267 398 3333 si
420 3267 522 3333 solam
544 3274 742 3353 spectamus,
770 3267 850 3333 nihil
872 3268 972 3334 habet
993 3267 1182 3351 suspicionis
1204 3273 1261 3333 aut
1282 3270 1381 3336 oison-

229 3367 337 3450 sionis,
361 3367 419 3434 sed
434 3367 541 3435 omnia
556 3368 697 3435 dilucida
718 3375 791 3436 sunt
813 3375 845 3435 et
867 3367 949 3436 inter
970 3389 1006 3436 se
1027 3375 1113 3452 apta.
1151 3368 1286 3447 Quodsi
1311 3371 1381 3452 quis

229 3474 371 3552 quaerat,
395 3468 472 3551 quid
494 3470 526 3534 in
550 3469 741 3554 explicando
761 3468 882 3554 Lycaei
903 3470 1030 3537 nomine
1046 3470 1198 3537 Callistus
1219 3471 1280 3536 sibi
1304 3474 1382 3539 velit

227 3571 348 3654 fabula,
371 3569 463 3635 huius
479 3569 597 3636 mentio
619 3570 737 3638 iniecta
753 3578 810 3653 est,
833 3578 868 3637 ut
889 3571 1048 3638 illustrata
1064 3591 1081 3638 e
1097 3571 1234 3638 fabulari
1249 3572 1382 3641 historia

229 3674 334 3756 imago
362 3670 478 3737 montis
506 3671 609 3755 magis
638 3679 712 3740 ante
734 3674 843 3740 oculos
866 3681 1051 3756 poneretur,
1078 3672 1163 3754 quod
1186 3672 1381 3740 scholiastae

228 3772 396 3841 consilium
418 3772 573 3856 aperiunt,
597 3772 652 3854 qui
673 3775 705 3838 in
726 3774 866 3840 Maenali
888 3773 1015 3840 nomine
1037 3773 1173 3841 subinde
1194 3773 1380 3858 afferuntur,

228 3895 275 3943 vs.
298 3873 461 3959 Apollonii
489 3872 607 3940 Rhodii
635 3874 678 3940 ad
706 3875 877 3942 Atalantae
907 3875 1049 3942 fabulam
1078 3881 1269 3958 spectantes.
1315 3877 1380 3942 Sed

228 3976 282 4043 hie
297 3975 428 4043 Callisto
451 3977 484 4042 in
502 3976 630 4059 Lycaeo
652 3996 716 4043 non
737 3978 872 4059 sepulta,
895 3976 954 4043 sed
976 3985 1105 4044 versata
1127 3995 1199 4044 esse
1220 3985 1380 4059 narratur,
