2988 4728
244 271 307 332 328
678 269 846 325 Reinboldus
865 270 954 324 Franz

244 444 380 510 Ratione
401 448 518 527 autem,
545 444 573 510 si
596 463 678 527 quae
701 441 807 508 adhuc
828 441 991 526 disputavi
1021 461 1098 508 vera
1120 446 1210 524 sunt,
1240 442 1302 508 hac
1322 461 1408 510 usus

244 550 303 628 est,
326 550 361 611 ut
384 551 572 630 tanquam
592 545 710 612 filum
732 543 1020 612 Eratosthenis
1041 544 1316 611 narrationem
1337 565 1406 612 se-

245 653 453 730 queretur,
487 646 579 713 huic
606 667 627 712 a
652 645 908 714 Callimacho
938 666 1043 730 quac
1077 644 1191 711 nulla
1220 647 1408 714 autleni

243 749 469 816 mutatione
490 747 617 814 inseri
636 755 804 831 possent
826 749 1041 827 insereret,
1064 746 1185 811 finem
1207 746 1407 816 adhibito

244 851 370 918 tertio
393 856 575 934 auctore,
604 849 674 916 sive
696 850 765 934 ipse
793 850 850 916 illo
874 850 1002 917 homine
1025 848 1244 916 Alexandrino
1267 849 1338 917 sive
1363 872 1406 920 eo

245 953 301 1034 qui
328 952 419 1017 illum
447 956 574 1019 secutus
603 957 702 1033 esset,
731 952 950 1036 suppleret.
1003 953 1052 1019 De
1081 970 1139 1017 suo
1174 951 1208 1016 in
1237 950 1309 1034 ipso
1337 954 1408 1021 fine

243 1053 381 1138 plurima
403 1052 568 1120 addidisse
590 1053 731 1136 videtur,
757 1053 1017 1136 quandoquidem
1042 1055 1075 1118 in
1097 1053 1228 1121 lunonis
1257 1057 1407 1125 oratione

245 1156 363 1223 bonum
386 1174 481 1238 quem
504 1156 629 1222 Seneca
657 1156 769 1223 laudat
794 1156 1043 1224 declamatorem
1066 1156 1219 1223 admirari
1248 1158 1340 1242 licet;
1372 1160 1408 1226 in

244 1259 403 1343 prioribus
426 1264 504 1340 quot
531 1258 625 1325 flores
653 1259 859 1326 admiscuerit
887 1258 1036 1327 exculto
1060 1257 1250 1325 Callimachi
1273 1259 1405 1329 hortulo

245 1360 421 1444 decerptos,
445 1366 522 1442 quot
543 1360 605 1444 ipsi
629 1359 812 1444 debeamus,
836 1361 908 1445 quis
931 1360 1041 1428 dicat?

331 1461 396 1528 Sed
419 1468 546 1546 praeter
567 1460 708 1528 Graecos
729 1462 837 1530 nescio
860 1463 956 1529 amin
978 1463 1110 1530 auribus
1131 1465 1200 1531 sive
1223 1465 1264 1531 ob
1288 1465 1404 1533 oculos

244 1563 331 1647 ipsos
353 1564 427 1630 illos
456 1563 603 1630 habuerit
632 1582 759 1647 versus,
790 1564 831 1630 dc
859 1564 975 1654 quibus
1004 1563 1099 1632 modo
1126 1567 1228 1632 verba
1255 1567 1405 1634 fecimus.

243 1666 327 1732 Nam
349 1666 487 1748 primum
509 1665 618 1732 Ovidii
640 1667 673 1732 in
695 1667 769 1732 Met.
792 1667 908 1732 11409
932 1668 1032 1733 verba
1052 1662 1097 1733 ‘in
1120 1667 1244 1751 virgine
1267 1669 1405 1734 Nona-

245 1759 384 1850 crina‘,
415 1768 531 1849 quibus
553 1766 686 1834 Callisto
708 1769 846 1852 primum
874 1768 1049 1853 inducitur,
1081 1789 1189 1835 corum
1213 1771 1406 1836 memoriam

244 1870 408 1952 suscitant,
431 1889 514 1952 quae
530 1869 644 1936 eadem
659 1890 772 1937 versus
794 1869 871 1937 sede
893 1871 1022 1955 ignotus
1045 1870 1100 1936 ille
1116 1877 1212 1954 poeta
1228 1870 1329 1937 babet
1348 1866 1407 1937 tde

244 1973 365 2040 vertice
387 1964 672 2055 Nonacrinae';
694 1981 729 2040 at
750 1971 961 2056 spondiacum
991 1973 1089 2039 istum
1112 1979 1178 2038 tam
1202 1972 1406 2038 consimilem

245 2094 358 2141 versus
375 2076 496 2141 exitum
512 2096 530 2141 e
546 2074 704 2141 communi
719 2074 853 2140 forsitan
869 2078 1003 2156 uterque
1018 2074 1170 2141 libaverit
1184 2076 1283 2157 fonte,
1306 2080 1407 2158 poeta

244 2174 473 2258 Alexandrino,
490 2175 532 2241 ad
549 2195 644 2257 quem
661 2175 758 2243 etiam
774 2175 895 2242 Suidae
910 2177 1012 2243 verba
1024 2170 1252 2262 ‘Nocaaotvrs
1271 2177 1406 2261 λέγεται

244 2271 263 2360 ἡ
288 2269 482 2344 Καλλιστώ’
508 2277 652 2344 revocari
682 2284 822 2362 possunt.
868 2277 934 2344 Sed
957 2276 1083 2344 accedit
1105 2277 1192 2360 quod
1215 2278 1304 2362 apud
1326 2279 1406 2346 Ovi·

246 2379 333 2447 dium
360 2381 456 2447 ctiam
479 2380 629 2447 alumnae
658 2378 833 2466 appellatio
856 2381 1054 2462 verbumque
1083 2378 1228 2462 tingendi
1257 2379 1405 2464 redeunt,

314 2500 378 2583 ign.
413 2505 529 2584 poetae
560 2494 652 2566 ‘ausa
694 2519 772 2566 suae
809 2499 886 2582 quia
918 2501 961 2566 sit
996 2499 1158 2582 quondam
1193 2500 1406 2567 succumbere

246 2489 313 2777 eid
962 2675 967 2683 ¹
1042 2593 1245 2667 alumnae.³

316 2701 375 2768 Ov.
383 2701 565 2768 Metuant
575 2695 623 2766 at
634 2721 692 2767 vos
707 2721 736 2767 sr
726 2703 856 2767 laesae
870 2723 928 2768 con
930 2707 1069 2787 tcmptus
1082 2703 1184 2786 tangit
1199 2703 1405 2788 alumnae,

246 2860 279 2922 et
299 2804 380 2975 {ign
403 2798 550 2888 poetae‘
553 2822 673 2870 oceano
696 2803 844 2887 prohibet
866 2823 992 2888 semper
1015 2824 1050 2871 se
1073 2806 1235 2888 tingere
1250 2806 1313 2872 Tot
1299 2799 1404 2891 thys',

318 2904 368 2974 Or
392 2899 868 2989 Met.11530‘pellite,nepur0
884 2905 1094 2989 tingatur'
1085 2927 1118 2972 m
1133 2925 1274 2988 aequore
1284 2900 1401 2992 pelex?

246 3011 361 3093 Itaque
383 3009 444 3077 etsi
466 3029 525 3093 pro
547 3013 633 3076 certo
656 3007 819 3075 affirmare
841 3008 922 3076 nibil
945 3010 1066 3094 audeo,
1092 3009 1161 3076 veri
1184 3017 1291 3076 tamen
1314 3009 1405 3076 haud
1481 3013 1482 3070 l

245 3111 401 3179 dissimile
424 3111 561 3179 arbitror
584 3110 711 3193 Ovidis,
735 3110 966 3195 cumprimum
990 3110 1141 3178 Callistus
1163 3113 1307 3180 fabulam
1330 3134 1403 3179 nar-

245 3214 380 3280 randam
396 3212 634 3295 aggrederetur,
658 3213 822 3298 popularis
836 3232 963 3297 quoque
979 3212 1029 3278 sui
1044 3232 1195 3280 versuum
1213 3214 1246 3279 in
1262 3221 1403 3280 mentem

246 3315 382 3382 venisse.
433 3316 502 3381 Nec
531 3320 639 3381 tamen
667 3334 749 3396 nego
778 3334 872 3399 posse
898 3333 1085 3382 consensum
1115 3317 1213 3383 etiam
1243 3315 1405 3383 communi

244 3414 343 3498 fonte,
366 3414 490 3482 Graeco
513 3415 672 3498 nimirum,
696 3416 862 3500 explicari.

788 3589 859 3663 §2

333 3705 456 3788 Restat,
471 3709 507 3769 ut
521 3703 698 3787 videamus,
719 3703 821 3769 unde
837 3722 979 3771 versus
1001 3703 1040 3770 in
1055 3702 1206 3787 Hygini
1221 3704 1405 3770 Fabulas

243 3805 457 3891 pervenerint.
495 3806 557 3871 Vix
572 3812 680 3872 autem
696 3807 757 3873 erit
779 3807 865 3888 quin,
888 3807 944 3873 ubi
958 3806 1097 3890 primum
1112 3806 1326 3889 conspexerit,
1345 3825 1403 3873 eos

245 3907 399 3979 hocloco
422 3909 563 3990 miretur,
586 3910 737 3990 quoniam
760 3929 832 3976 cum
854 3907 976 3994 Hygini
1000 3908 1124 3976 ratione
1145 3906 1293 3974 videntur
1315 3907 1403 3973 male
1481 3933 1482 3984 r

246 4012 423 4078 convenire.
475 4014 520 4077 At
548 4011 622 4081 huic
650 4011 696 4078 rei
729 4011 866 4077 tortasse
892 4011 972 4077 nihil
1002 4017 1050 4078 est
1079 4009 1297 4092 tribuendum3
1326 4029 1403 4076 nam
1481 3999 1482 4004 ’
