2988 4728
504 261 546 316 De
562 260 687 318 Callistus
704 260 806 318 fabula.
1166 265 1228 324 355

75 455 98 499 a
119 433 283 503 veteribus
306 432 396 516 (sunt
420 438 527 499 autem
549 434 656 501 Moero
680 433 790 500 Grates
813 432 1022 518 Asclepiades
1045 434 1132 518 apud
1154 437 1229 504 Ath.

74 537 124 602 IX
138 535 237 620 490⁰)
258 536 328 603 iure
350 534 393 601 ad
414 534 566 601 Pleiadas
588 553 659 602 esse
680 534 807 603 relatos.
846 538 889 601 At
909 536 989 603 talia
1004 537 1136 603 Homeri
1158 559 1228 606 ver-

74 638 165 705 sibus
189 636 343 721 mystoria
367 635 483 702 inferre
511 635 598 701 haud
627 635 723 703 dubie
751 634 936 720 nonlicet,
965 639 1018 704 vel
1047 645 1229 725 propterea,

75 739 164 822 quod
179 738 342 821 Vergiliae
363 737 397 803 iu
412 737 550 821 antiquis
565 736 758 804 carminibus
773 739 931 805 constanti
952 759 1011 806 usu
1026 740 1231 827 Πληιάδες
1342 816 1348 825 ,

76 841 281 926 appellantur
296 845 394 923 atque
409 839 521 906 fabula
535 838 576 906 de
591 839 747 907 columbis
762 847 900 925 narrata,
920 862 990 909 cum
1006 843 1116 927 quinto
1132 843 1231 910 etiam

75 943 206 1010 saeculo
231 948 341 1027 aperte
363 941 570 1025 ignoraretur,
593 941 814 1009 Alexandrina
829 942 958 1010 demum
973 951 1080 1010 aetate
1094 949 1151 1011 aut
1165 966 1229 1013 uon

16 1121 17 1142 χ
77 1045 177 1112 multo
208 1049 284 1110 ante
312 1043 387 1109 ficta
413 1049 472 1109 est.
516 1043 601 1126 Ergo
628 1043 682 1125 qui
704 1044 941 1111 Astronomiam
961 1044 1104 1112 Hesiodo
1133 1047 1230 1113 ascri-

18 2781 20 2852 l

74 1155 165 1231 ptam
185 1144 338 1228 condidit,
362 1165 434 1212 cum
456 1144 521 1211 iam
543 1143 752 1212 recentiorem
767 1145 903 1212 nominis
926 1146 1062 1212 formam
1084 1147 1229 1231 haberet,

75 1248 294 1331 aliquanto
316 1247 376 1314 fuit
398 1253 491 1332 post
511 1245 741 1312 Hesiodum.

162 1350 215 1416 Ab
238 1349 341 1414 altera
362 1354 453 1435 parte
476 1347 591 1416 aetatis
613 1353 728 1433 poetae
751 1346 1013 1416 determinandae
1041 1351 1229 1417 facultatem

76 1451 157 1518 mihi
185 1450 371 1536 suppeditat
397 1449 479 1516 illud
501 1448 597 1516 Plinii
624 1451 735 1517 XVIII
756 1454 834 1518 212:
865 1446 1076 1519 ‘Occasum
1105 1458 1230 1520 matu·

75 1555 203 1619 tinum
231 1551 508 1635 Vergiliarum
542 1551 746 1619 Hesiodus
774 1588 816 1600 -
838 1590 879 1598 -
909 1555 1088 1621 tradidit
1121 1554 1231 1638 ficri,

75 1675 163 1721 cnm
178 1653 482 1738 aequinoctium
498 1654 678 1720 autumni
694 1654 988 1739 conficeretur,
1004 1656 1124 1723 Thales
1138 1657 1232 1724 XXV

75 1757 130 1824 die
153 1756 196 1822 ab
219 1754 432 1839 aequinoctio,
454 1753 697 1822 Anaximander
711 1755 815 1839 XXX,
839 1755 1014 1822 Euctemon
1030 1757 1144 1841 XLIV,
1167 1761 1230 1824 Hu-

76 1857 182 1925 doxus
204 1849 358 1924 ΧΙΝΙΙΙΪ
402 1857 491 1923 Haec
514 1857 557 1922 ad
579 1855 707 1923 doctum
730 1858 850 1923 iontem
872 1857 978 1924 redire
1000 1879 1062 1925 non
1085 1858 1230 1942 negabis,

75 1981 113 2028 ac
137 1960 191 2027 vel
213 1958 288 2027 ideo
311 1958 399 2026 haud
421 1959 491 2025 veri
513 1958 618 2025 simile
641 1977 711 2025 esse
735 1959 892 2025 concedes
921 1960 1143 2028 auctoritatem
1166 1961 1228 2028 He·

74 2059 168 2129 siodo
191 2060 344 2127 tributam
366 2082 407 2129 ex
430 2081 536 2128 errore
557 2059 698 2127 fluxisse.
737 2059 826 2139 Quae
849 2061 935 2144 quod
957 2081 978 2128 a
999 2061 1136 2129 veritate
1157 2064 1231 2149 plus

75 2185 175 2250 qnam
191 2163 395 2231 mediocriter
409 2162 540 2246 recedit,
563 2161 678 2230 Pfaffio
694 2163 760 2245 (De
775 2163 897 2230 ortibus
913 2169 945 2231 et
962 2185 1065 2234 occas.
1089 2165 1229 2233 siderum

74 2288 103 2350 p.
123 2270 164 2330 78
175 2264 238 2348 sq.)
260 2263 394 2332 Hesiodi
417 2263 514 2332 fidem
536 2265 587 2342 ita,
604 2263 777 2332 defendere
793 2265 897 2332 visum
914 2271 977 2333 est:
1003 2262 1155 2333 ‘Plinium
1178 2267 1232 2334 hic

75 2385 202 2435 errasse
230 2367 346 2451 liquet:
377 2366 433 2449 qui
455 2386 541 2434 error
563 2366 624 2433 hac
646 2366 773 2433 Patavii
795 2367 992 2451 coniectura,
1021 2375 1135 2452 sponte
1158 2389 1230 2437 sese

74 2469 240 2552 offerente,
265 2468 419 2554 explicari
437 2472 557 2552 potest:
587 2466 635 2533 Ha
648 2467 799 2534 nimitum
821 2472 928 2534 aetate
950 2467 1075 2536 initium
1098 2491 1231 2538 occasus

75 2570 196 2638 heliaci
210 2569 379 2638 Pleiadum
401 2571 435 2635 in
456 2570 561 2655 ipsam
575 2568 712 2653 primam
727 2569 847 2636 Arietis
863 2577 989 2655 partem
1004 2573 1057 2638 vel
1072 2572 1104 2637 in
1120 2573 1230 2656 aequi-

74 2673 217 2742 noctium
245 2671 372 2740 incidit:
401 2670 486 2739 unde
514 2670 667 2738 credibile
696 2679 746 2738 est
766 2672 906 2741 Plinium
929 2693 1078 2742 occasum
1101 2695 1229 2761 vesper-

74 2777 178 2842 tinum
200 2781 413 2842 commutasse
440 2794 511 2841 cum
540 2793 656 2841 occasu
684 2775 849 2843 matutino.
894 2775 958 2856 Qui
986 2797 1074 2845 error
1101 2778 1231 2862 saepius

74 2878 142 2944 iam
166 2877 383 2963 deprehensus
406 2881 454 2943 est
478 2880 510 2941 et
530 2876 606 2942 iude
629 2877 723 2944 facile
737 2878 894 2960 originem
909 2878 1016 2994 traxit,
1040 2879 1126 2995 quod
1141 2885 1230 2946 vete-

76 2999 129 3046 res
151 2977 329 3046 auctores
320 2999 353 3042 1n
375 2977 472 3044 rebus
487 2977 709 3042 astronomicis
725 2979 880 3046 sermonis
895 2977 1034 3058 rigorem
1050 2978 1106 3044 vix
1121 2979 1230 3046 obser·

18 3075 19 3130 ἕ
76 3080 226 3148 raverint
240 3100 300 3148 nec
314 3079 394 3146 satis
410 3076 559 3146 distincte
574 3077 835 3162 apparentiarum
850 3079 974 3162 species
993 3072 1228 3163 expresserint.³

18 3149 145 3254 Sed
168 3182 252 3251 enim
275 3181 343 3249 eius
366 3178 545 3249 sententiae
566 3179 775 3246 fundamenta
791 3198 888 3261 quam
904 3180 1027 3248 caduca
1040 3181 1114 3265 sint,
1135 3180 1232 3249 facile

76 3284 168 3351 videt
190 3283 246 3365 qui
268 3283 412 3350 meminit
427 3280 569 3367 pristinis
584 3281 781 3366 temporibus
796 3282 971 3350 matutinos
985 3289 1109 3350 tantum
1125 3283 1232 3351 obser·

76 3393 171 3453 vatos
194 3404 266 3452 esse
287 3386 501 3469 Vergiliarum
523 3390 610 3451 ortus
633 3391 665 3449 et
695 3403 842 3466 occasus,
874 3384 993 3469 quippe
1022 3386 1075 3470 qui
1105 3385 1232 3454 initium

75 3487 211 3554 aestatis
233 3493 266 3553 et
288 3485 403 3553 hiemis
425 3485 648 3570 indicarent1),
670 3489 706 3552 ut
728 3486 807 3553 nihil
829 3506 909 3572 opus
925 3494 1009 3555 esset
1024 3487 1143 3556 diserte
1159 3488 1232 3555 illos

78 3588 232 3674 distingui
254 3608 314 3655 nec
336 3589 542 3656 commutatio
557 3588 627 3655 fieri
641 3594 760 3674 posset.
798 3587 892 3667 Quod
908 3594 976 3656 tum
991 3608 1118 3673 quoque
1132 3590 1231 3671 valet,

77 3692 106 3758 ai
127 3710 256 3758 carmen
278 3691 382 3758 minus
404 3693 570 3773 antiquum
592 3691 642 3757 sit.
679 3691 765 3757 Nam
784 3698 1031 3760 consentaneum
1054 3695 1103 3758 est
1124 3697 1232 3757 auoto-

76 3815 162 3878 rem,
186 3811 316 3876 quaqua
337 3799 444 3861 aetate
466 3794 634 3876 scriberet,
657 3811 714 3860 eas
735 3799 859 3860 tantum
881 3813 932 3860 res
956 3811 1231 3875 commemorasse,

167 3932 192 3994 1)
210 3927 252 3983 cl.
271 3926 367 3982 Ideleri
385 3926 510 3982 Chronol.
530 3925 631 3981 enchir.
650 3926 664 3980 I
681 3943 708 3996 p.
727 3931 833 3995 241sq.
856 3931 883 3981 et
906 3926 991 3982 schol.
1010 3927 1086 3981 Arat.
1106 3929 1156 3979 264
1165 3905 1233 3994 sqq,

77 4028 149 4082 quae
166 4020 258 4068 tamen
277 4026 311 4067 ex
328 4015 407 4080 parte
419 4010 533 4067 contusa
545 4019 617 4068 sunt.
