2958 4734
493 284 536 340 De
554 283 679 340 Callistus
697 285 799 340 tabula.
1177 286 1240 347 283

86 458 154 526 duit
175 457 285 524 fabula
306 455 389 522 solet
410 453 611 522 accomodari
633 476 672 523 ao
694 454 888 546 submutari:
912 473 994 538 quae
1014 475 1076 522 non
1098 455 1164 524 iam
1185 476 1239 523 ne-

85 558 223 625 cessaria
245 557 474 642 intelleguntur
495 563 638 641 possunt,
668 578 731 625 non
755 557 890 638 debent,
912 561 969 623 aut
990 555 1094 624 omitti
1117 564 1173 625 aut
1194 559 1241 626 sic

88 659 314 743 transformari,
330 664 365 726 ut
379 678 484 726 novae
499 658 677 726 condicioni
692 659 795 743 magis
812 658 1011 726 conveniant.
1036 658 1107 725 Hoc
1121 660 1240 727 lactum

88 769 134 829 est
148 760 236 846 apud
251 757 444 827 Arcadesin
460 759 613 828 Callistus
628 759 753 842 fabula3
770 779 809 828 ac
823 766 890 828 tam
905 766 975 827 erat
989 758 1022 825 in
1038 758 1173 844 proclivi
1188 759 1241 826 hic

85 882 208 949 poenae
235 861 401 946 transitus,
426 866 461 928 ut
482 881 541 928 sua
568 866 681 945 sponte
708 859 777 928 fieri
799 866 923 947 posset,
955 881 1027 928 cum
1049 860 1159 928 fabula
1180 880 1239 945 per

87 970 230 1049 tempora
246 961 432 1048 traderetur,
444 982 549 1044 neque
563 981 644 1046 opus
658 961 701 1028 sit
715 961 759 1028 ad
772 967 889 1047 poetae
904 963 1011 1031 nescio
1028 962 1117 1030 cuius
1131 967 1239 1030 aucto·

84 1065 211 1131 ritatem
233 1063 266 1128 in
287 1062 429 1131 Arcadia
456 1064 696 1148 praevalentem
720 1063 906 1149 confugere,
938 1065 992 1146 qui
1015 1064 1158 1133 consulto
1181 1085 1239 1149 pro

86 1169 207 1233 formae
226 1165 349 1234 iactura
364 1185 436 1232 eam
451 1183 599 1250 poenam,
622 1184 705 1248 quae
719 1168 752 1230 et
766 1165 872 1248 aptior
887 1169 918 1232 et
933 1165 976 1231 ad
992 1163 1088 1232 fidem
1111 1165 1242 1250 pronior

84 1267 254 1350 videretur,
277 1264 484 1354 substituerit.
521 1267 627 1347 Atque
650 1265 683 1331 id
700 1285 738 1331 eo
761 1266 864 1333 minus
880 1273 930 1334 est
951 1266 1130 1350 probabile,
1154 1267 1240 1349 quod

86 1389 170 1436 nova
185 1369 266 1435 haec
281 1368 410 1434 fabulae
425 1367 528 1434 forma
549 1366 635 1451 apud
651 1366 794 1434 Arcades
809 1366 1002 1452 perantiqua
1017 1373 1096 1452 erat,
1117 1367 1145 1436 si
1164 1366 1242 1451 quid

87 1470 115 1537 ei
136 1470 213 1537 licet
235 1468 383 1551 tribuere,
407 1466 493 1550 quod
516 1469 576 1534 sub
594 1469 741 1536 Maenalo
764 1469 904 1536 tumulus
927 1474 998 1536 erat
1018 1468 1100 1536 aede
1113 1467 1240 1536 Dianae

86 1578 226 1654 ornatus,
235 1588 329 1652 quem
339 1569 489 1637 Callistus
501 1589 575 1636 ossa
587 1576 694 1637 tenere
702 1570 963 1653 credebant;nac
976 1569 1158 1638 verisimile
1166 1588 1239 1636 sero

87 1672 213 1740 demum
226 1674 323 1740 talem
336 1671 519 1755 opinionem
533 1690 604 1738 esse
619 1670 795 1738 confictam.
807 1670 967 1740 'Ceterum
980 1676 1148 1756 praeterea
1159 1669 1239 1738 nihil

85 1781 236 1841 novatum
258 1772 405 1840 uidemus
436 1773 497 1838 nisi
520 1771 606 1856 quod
629 1792 700 1837 cum
723 1791 807 1838 nouo
830 1772 919 1839 exitu
941 1772 1012 1857 ipso
1035 1770 1239 1856 cohaerebat,

85 1895 214 1960 operam
237 1874 309 1941 dieo
337 1874 434 1958 paulo
464 1878 618 1939 mutalam
640 1872 804 1956 Mercurii,
834 1872 885 1939 cui
913 1894 977 1940 non
999 1873 1065 1939 iam
1087 1892 1164 1940 ursa
1184 1892 1239 1937 nu-

85 1975 228 2059 trienda,
261 1974 319 2042 sed
348 1995 389 2042 ex
422 1973 533 2040 matris
561 1979 650 2040 utero
684 1973 884 2040 exsecandas
914 1979 963 2040 est
992 1975 1102 2041 Arcas.
1147 1970 1241 2055 Quod

86 2076 233 2144 Mercurii
254 2075 419 2161 negotium
446 2075 632 2141 memoriam
661 2075 782 2142 excitat
804 2074 891 2142 Iovis
914 2075 1066 2142 Liberum
1088 2081 1120 2141 et
1141 2073 1238 2160 Apol-

84 2179 156 2246 linis
193 2177 419 2263 Aesculapium
456 2176 622 2244 servantis.
680 2177 779 2244 Plane
815 2175 929 2244 eadem
965 2197 1005 2244 ac
1041 2175 1082 2243 de
1114 2173 1241 2244 Arcade

85 2285 213 2346 narrata
235 2286 309 2347 sunt
329 2277 370 2346 de
385 2278 592 2361 Aesculapio:
615 2276 775 2345 Hesiodus
798 2277 882 2346 enim
906 2276 1082 2344 tradiderat
1105 2282 1240 2343 matrem

86 2381 151 2449 eius
176 2379 366 2447 Coronidem
389 2399 409 2444 a
430 2378 538 2444 Diana
560 2377 678 2460 sagitta
700 2397 771 2444 esse
793 2379 976 2460 traiectum,
1001 2379 1107 2462 ipsum
1130 2397 1171 2442 ex
1193 2376 1239 2440 in-

11 2493 12 2516 *
85 2481 183 2548 animi
205 2479 293 2545 illius
309 2497 441 2561 corpore
455 2479 497 2544 ab
513 2477 663 2562 Apolline
686 2482 831 2563 ereptum
851 2483 883 2545 et
905 2479 938 2543 in
954 2476 1100 2545 Chironis
1116 2483 1240 2543 antrum

85 2584 259 2666 perlatum;
287 2578 467 2645 Pausaniae
489 2575 601 2662 (1126,
624 2577 657 2662 6)
681 2584 791 2645 auctor
819 2578 970 2662 (fortasse
991 2578 1086 2663 Ister)
1108 2597 1241 2664 puerum

87 2685 186 2752 voluit
213 2685 375 2750 servatum
405 2698 474 2746 esse
503 2699 523 2744 a
546 2680 712 2747 Mercurio.
757 2679 848 2748 Haec
869 2680 924 2765 qui
946 2681 1110 2767 exposuit,
1140 2679 1262 2746 wila.

87 2785 213 2852 mowitz
234 2784 267 2849 in
291 2780 420 2862 Quaest.
443 2781 554 2866 philol.
569 2782 618 2848 IX
632 2803 662 2867 p.
679 2785 802 2866 70sqq.
825 2781 907 2851 uidit
936 2783 1048 2851 horum
1075 2781 1241 2867 exemplar

87 2887 184 2954 luisse
198 2881 365 2951 Διονύσου
387 2881 496 2968 γονάς,
521 2904 601 2969 quas
615 2889 725 2952 notum
750 2891 799 2951 est
820 2885 867 2953 ita
882 2890 1053 2968 conceptas
1075 2883 1183 2966 fuisse,
1205 2888 1241 2948 ut

87 2987 233 3073 luppiter
255 2992 358 3053 matre
379 2985 511 3051 fulmine
542 2990 626 3050 laeta
656 2984 810 3052 infantem
840 2990 1044 3053 conservaret
1072 2984 1240 3064 denuoque

88 3094 179 3170 partu
194 3087 315 3156 editum
327 3086 482 3154 Mercurio
498 3084 649 3171 traderet,
665 3087 721 3168 qui
735 3087 886 3172 nymphis
901 3091 957 3152 aut
967 3083 1082 3151 nutrici
1097 3081 1239 3150 commit·

89 3195 174 3258 teret
213 3187 303 3269 Quae
325 3189 436 3255 fabula
458 3186 666 3254 celeberrima
687 3193 723 3254 ut
737 3188 886 3272 exemplo
907 3205 965 3253 suo
987 3183 1072 3250 rexit
1094 3203 1176 3267 quae
1199 3181 1241 3248 de

90 3291 279 3376 Aesculapio
301 3291 532 3373 narrabantur,
562 3289 608 3355 ita
630 3289 728 3356 traxit
752 3306 833 3371 qnae
856 3287 897 3353 de
919 3285 1046 3354 Arcade
1067 3283 1251 3352 simillima.¹

637 3492 694 3558 111.

631 3650 650 3723 ξ
668 3652 695 3711 1.

171 3799 271 3867 Venio
289 3817 371 3864 nunc
384 3797 426 3862 ad
440 3797 566 3860 tertiam
582 3795 870 3880 fabulaesorruum,
884 3815 948 3879 qua
958 3792 1090 3861 Callisto
1102 3794 1240 3878 primum

93 3908 225 3985 nubta,
251 3907 316 3967 tum
340 3899 437 3967 ctiam
466 3899 581 3983 occisa,
604 3898 742 3980 denique
765 3897 848 3964 inter
871 3901 958 3964 astra
980 3896 1108 3964 sublata
1129 3895 1238 3963 fertur.

172 4003 261 4070 Haec
288 4021 373 4068 nova
403 4001 521 4084 forma,
556 4001 645 4068 cuius
677 4000 832 4068 memoria
865 4019 961 4084 supra
990 3997 1237 4065 Alexandrinam

1034 4099 1087 4152 19*
