2988 4728
529 285 571 338 De
589 283 717 340 Callistus
735 286 837 344 fabula.
1198 297 1259 357 349

92 454 189 520 nulla
210 451 313 519 edidit
335 453 496 522 Cramer
486 475 520 520 ιιι
541 457 661 524 Anecd.
685 458 786 527 Oxon.
802 461 847 526 IV
868 480 899 544 p.
917 466 977 528 218
990 481 1071 550 sqq,
1095 469 1152 554 eis,
1176 489 1258 553 quac

94 575 142 620 cx
168 554 299 639 Iosephi
321 552 451 639 Antiqu.
475 556 549 640 18,
579 563 598 621 2
627 559 668 625 dc
690 562 876 629 Abrahamo
903 564 1081 650 Aegyptios
1113 560 1256 658 ἀριθμη-

92 653 192 744 τικὴν
213 658 270 722 καὶ
294 648 477 741 ἆστρανομί
478 681 519 723 αν
464 658 658 726 tdooent
645 666 677 727 te
692 663 837 747 sumpsit,
861 664 941 734 haee
957 667 1083 736 addidit
1069 669 1144 754 t.(p
1161 674 1257 756 238):

92 755 193 843 παρὰ
217 756 252 822 δὲ
274 760 340 824 τῶν
353 753 466 843 Ἑβραί
468 783 513 825 αιν
528 758 649 843 ε’λαβον
667 767 822 840 Φοίνικες
839 756 904 851 ἀφ’
930 760 975 834 ὦν
998 764 1016 834 ὁ
1039 769 1100 852 μὲν
1115 770 1255 856 Κάδμος

92 862 204 924 ταῦτα
226 857 406 946 μετήγαγεν
430 859 478 935 εἷς
498 859 577 938 τούς
591 854 807 951 Έλληνας(
790 891 807 931 o
833 865 869 932 δὲ
888 865 1044 948 Ἡσίοδος
1065 871 1157 955 μάλα
1180 897 1256 941 σνν-

91 954 255 1038 τάξας
223 965 355 1048 coponio
362 959 720 1050 Ftdpurv(frg.19
737 968 819 1050 Ra).

184 1065 247 1130 Res
270 1069 435 1131 enarratas
458 1065 486 1130 si
508 1086 572 1132 non
594 1067 786 1151 omnino,a
766 1075 907 1139 atcerte
929 1074 1025 1158 longe
1047 1077 1189 1144 maxima
1214 1101 1255 1147 ex

92 1170 189 1248 parte
219 1171 269 1230 ast
270 1165 447 1233 ronomioas
476 1167 575 1235 fuisse
596 1168 673 1235 inde
699 1169 798 1237 efficit
786 1178 850 1255 tur,
881 1175 968 1255 quod
988 1177 1179 1244 Plutarchus
1200 1201 1254 1247 au-

94 1275 216 1334 ctorem
233 1288 305 1334 cum
319 1267 526 1352 scriptoribus
546 1271 709 1354 componit
730 1291 816 1340 mere
841 1276 1071 1343 astronomicis.
1110 1281 1255 1360 Quocum

93 1387 227 1453 prorsus
250 1371 449 1436 consentiunt
471 1377 503 1436 et
523 1373 703 1439 Hamartoli
726 1375 827 1441 verba
849 1383 881 1443 et
904 1396 986 1460 quae
1000 1380 1124 1447 Plinius
1146 1381 1189 1449 ad
1211 1385 1254 1449 si-

94 1471 207 1537 derum
234 1472 491 1537 observationem
513 1475 705 1558 pertinentia
727 1476 801 1544 inde
824 1480 959 1564 sumpsit
981 1499 1128 1564 quaeque
1151 1484 1252 1570 ipsius

93 1572 246 1639 carminis
266 1573 452 1639 nominatim
468 1581 597 1642 servata
611 1583 685 1643 sunt
707 1579 842 1646 frustula
863 1581 937 1664 (lrg.
954 1585 983 1664 9,
1005 1589 1177 1666 10,11,14
1201 1585 1251 1653 ed.

17 1699 18 1740 ι
92 1673 238 1758 Rzaoh.).

17 1835 18 1856 ,
183 1777 210 1842 E
234 1775 349 1858 quibus
371 1776 433 1843 tria
457 1776 500 1842 ad
521 1777 734 1845 Pleiadum
757 1780 845 1847 sidus
867 1787 1028 1866 spectant:
1057 1785 1141 1853 unde
1163 1790 1250 1855 colli-

17 1879 18 1940 l
93 1876 246 1963 gendum,
270 1878 539 1961 quemadmodum
555 1879 588 1944 in
605 1879 737 1946 Hesiodi
753 1880 812 1964 Op.
828 1888 860 1949 et
876 1883 907 1949 d.
924 1892 989 1950 tarn
1007 1886 1093 1966 agris
1109 1889 1252 1956 colendis

92 2000 191 2062 quam
214 1980 397 2061 navigando
419 1980 528 2064 magni
544 1980 606 2046 sint
622 1982 784 2065 momenti,
807 1984 854 2050 sio
870 2003 926 2050 eas
941 1987 1037 2052 ctiam
1053 1988 1105 2054 hie
1121 1989 1250 2058 uberius

90 2088 247 2148 tractatas
268 2083 376 2149 fuisse.
420 2083 469 2148 Ao
490 2083 627 2166 primum
657 2083 786 2164 quidem
815 2087 946 2153 nomina
974 2107 1083 2156 earum
1112 2111 1250 2159 comme-

92 2191 220 2251 morata
241 2189 347 2264 erant,
371 2184 473 2266 primo
496 2185 581 2251 enim
601 2183 688 2268 apud
703 2185 818 2253 Athen.
835 2190 907 2254 loco
923 2190 1057 2256 allatum
1073 2199 1122 2260 est
1136 2197 1195 2277 trg.
1212 2199 1250 2260 9:

339 2281 400 2359 τὰς
423 2282 459 2349 δὲ
480 2287 597 2367 βροτοὶ
618 2286 775 2353 καλέουσι
796 2288 995 2367 Πελειάδας.

17 2463 18 2488 η
89 2386 156 2466 Qui
185 2386 375 2468 versiculus,
405 2388 434 2452 si
459 2386 728 2454 Maroksoheffolii
754 2390 918 2472 sequimur
946 2391 1161 2459 coniecturam
1191 2395 1247 2462 ad-

17 2511 18 2514 ¹
88 2486 222 2554 modum
244 2487 461 2573 probabilem,
484 2493 548 2553 tres
571 2506 696 2570 versus,
722 2491 777 2571 qui
799 2490 833 2555 in
854 2492 954 2559 schol.
977 2493 1019 2560 ad
1041 2494 1134 2561 Pind.
1154 2497 1246 2565 Nem.

88 2592 122 2656 Π
143 2595 178 2655 17
201 2589 271 2657 sine
293 2594 422 2656 auctore
444 2589 554 2654 traditi
575 2589 743 2657 Pleiadum
766 2593 895 2659 nomina
918 2614 1006 2661 more
1035 2595 1126 2680 epico
1156 2599 1244 2665 exhi·

89 2694 179 2775 bent,
203 2692 331 2777 excepit
353 2691 424 2757 hos:

17 2791 18 2820 r
180 2797 326 2880 Τηϋγέτη
350 2785 382 2857 τ’
401 2790 541 2877 ἐρόεσσα
563 2796 619 2860 καὶ
638 2788 795 2882 Ἠλέκτρη
819 2799 990 2874 καανώττις

175 2887 333 2980 Ἀλκυόνη
356 2919 393 2960 τε
414 2897 470 2961 καὶ
481 2887 668 2983 Ἀστερόπη
693 2897 747 2984 δίη
770 2923 807 2963 τε
830 2897 982 2963 Κελαινώ

36 3069 41 3078 ⁸
178 2995 280 3062 Μαῑά
303 3021 340 3062 τε
361 2999 418 3063 καὶ
440 2994 599 3083 Μερόπη,
622 2994 684 3072 τὰς
705 3003 837 3081 γείνατο
861 2998 1024 3083 φαίδιμος
1036 2993 1165 3075 Ἄτλας.

17 3163 18 3192 η
89 3097 159 3165 Sed
183 3101 238 3180 qui
259 3098 380 3166 ibidem
402 3097 546 3184 proxime
569 3097 610 3162 de
633 3097 719 3163 Maia
741 3098 872 3164 affertur
893 3118 1005 3164 versus

177 3198 349 3288 Κυλλήνης
372 3199 406 3265 ἐν
429 3193 545 3286 ὄρεσσι
566 3201 660 3264 θεῶν
682 3193 805 3286 κη’ρακα
827 3192 893 3280 τέχ’
916 3194 1035 3288 Ἑρμῆν

17 3287 18 3334 l
89 3321 148 3368 cur
170 3301 284 3368 eodem
306 3301 459 3386 trahatur,
482 3322 546 3368 non
568 3301 646 3367 satis
669 3308 718 3366 est
740 3321 866 3368 causae.

176 3403 346 3470 Pleiadum
360 3405 420 3470 Vll
442 3404 554 3470 stellas
577 3424 634 3488 pro
653 3403 792 3470 Atlantis
814 3404 942 3470 filiabus
966 3402 1080 3470 haberi
1102 3405 1166 3469 iam
1182 3406 1245 3473 He-

88 3505 200 3572 siodus
216 3506 375 3589 significat
389 3506 422 3572 in
437 3504 498 3590 Op.
516 3508 577 3571 383
594 3502 789 3591 (Πληιάόων
804 3499 1037 3590 Ἀτλαγενέων)
1053 3510 1086 3572 et
1100 3507 1246 3588 agnoseit

89 3607 257 3690 Musaeus,
287 3608 409 3674 cumV
439 3605 573 3692 Hyadas
603 3626 644 3673 cx
678 3606 792 3674 eadem
821 3609 920 3693 stirpe
948 3608 1100 3694 repetitas
1134 3625 1245 3672 earum

90 3713 224 3775 numero
246 3709 393 3792 adiungit
416 3710 470 3791 (of.
494 3709 580 3774 Erat.
598 3709 665 3775 Cat.
681 3709 736 3776 rel.
753 3710 802 3775 ed.
820 3711 899 3800 Rolr.
922 3733 953 3796 p.
970 3715 1009 3775 43
1034 3716 1066 3776 et
1091 3713 1149 3772 110
1165 3706 1243 3790 sq.);

89 3812 221 3877 nomina
242 3830 352 3877 earum
375 3831 439 3876 una
461 3831 533 3878 oum
555 3811 709 3894 progenie
731 3832 771 3878 ex
787 3812 954 3878 Hellanioo
976 3811 1166 3895 deprompta
1189 3828 1243 3876 cx·

17 3895 18 3914 ¹
89 3913 247 3980 hibebant
261 3910 454 3997 Κατάλογοι
469 3913 510 3978 ab
525 3912 739 3980 Eratosthene
753 3912 923 3997 conscripti
939 3914 992 3994 (cf.
1007 3911 1135 3976 Καταλ.
1151 3910 1210 3994 frg.
1225 3915 1242 3976 3

89 4037 121 4100 p.
137 4019 177 4080 43
195 4020 227 4082 et
241 4019 391 4079 Καταατ.
408 4017 448 4078 23
471 4033 502 4096 p.
521 4018 582 4078 134
597 4013 693 4098 Rob.)
717 4020 750 4081 et
771 4034 812 4081 ex
835 4012 948 4081 eodem
970 4014 1106 4081 fortasse
1128 4011 1244 4079 hausta
