2958 4734
540 295 582 350 Dc
600 294 728 353 callistus
744 296 846 353 fabula.
1207 300 1268 363 267

155 462 194 550 ἢν
216 469 274 529 καί
289 486 392 552 φησιν
408 461 554 553 ’Ἁρατσς
569 465 603 532 ἐν
619 460 674 556 [δ’]
748 461 786 557 ἦν
802 491 905 556 φησιν
921 463 1068 556 ’Ἁρατος
1087 468 1121 536 ἐν
1137 463 1270 558 οάρανιρ

110 559 244 651 οὐρανῷ
267 563 474 655 ἕστηρίχθαι.
703 561 916 658 perspicuas.

113 727 114 732 ,
197 667 340 736 Priorem
356 670 471 738 scholii
481 678 605 757 partem
621 693 662 738 ex
677 672 777 740 schol.
793 673 1004 741 AhrensianIs
1015 673 1127 759 petivi,
1143 695 1185 742 ex
1197 676 1267 744 Zic-

110 770 265 855 glerianis
287 772 571 856 praestantioribus
592 774 737 842 alteram.
774 774 836 840 IIIa
858 774 943 840 enim
966 774 1036 842 cod.
1052 775 1265 845 Ambrosiano

110 871 204 940 deest
226 878 260 940 et
281 873 323 940 ab
346 873 503 942 Ahrensio
527 881 656 959 sumpta
678 896 719 943 ex
735 863 812 943 cod.
842 875 962 943 Gener.
988 876 1147 946 inferioris
1168 884 1265 946 notae

109 974 164 1058 (ol.
181 977 282 1058 prael.
298 974 375 1041 Ahr.
392 996 422 1060 p.
437 977 546 1043 XXIV
562 985 594 1044 et
608 977 737 1061 XLIV),
760 976 817 1045 ubi
831 978 912 1044 haec
927 975 1024 1064 ἑτέρα
1040 985 1088 1046 est
1104 978 1265 1068 ἐξήγησις.

196 1076 380 1144 Lectionum
405 1081 569 1165 ταφῆναι,
602 1097 685 1160 quae
712 1079 866 1146 librorum
895 1079 1060 1172 deterioris
1090 1087 1186 1149 uotae
1207 1089 1267 1165 est,

110 1197 222 1244 veram
244 1197 314 1245 esse
337 1177 464 1246 Ahrens
486 1201 517 1265 p.
539 1184 598 1244 477
624 1199 665 1247 ex
688 1181 735 1247 eis
756 1180 958 1265 potissImum
981 1181 1097 1266 effecit,
1121 1201 1204 1265 quac
1226 1182 1268 1250 dc

110 1278 246 1347 Callisto
261 1281 356 1348 Pauo.
373 1281 450 1347 VIII
466 1285 495 1365 3,
512 1286 532 1346 6
552 1286 676 1348 narrat:
691 1275 851 1368 ’Ἄρτεμις
866 1280 903 1346 δὲ
924 1279 958 1358 ἒς
977 1279 1075 1364 χάριν
1090 1285 1147 1370 τῆς
1160 1274 1268 1367 Ἥρας

108 1378 344 1458 κατετόξευσεν
376 1375 487 1471 αὐτήν.
530 1386 586 1449 καὶ
615 1379 632 1451 ὁ
658 1381 742 1461 Zarin
765 1379 884 1471 Ἑρμῆν
912 1386 1043 1467 πέμπει
1072 1386 1183 1451 σῶσαι
1209 1382 1269 1450 τὸν

109 1481 220 1549 παῖδά
239 1483 272 1549 οἱ
287 1483 487 1569 προστάξας,
511 1485 550 1552 ὃν
566 1483 600 1551 ἓν
615 1488 656 1572 τῇ
670 1488 790 1572 γαστρὶ
813 1480 897 1567 εῖχεν
919 1479 939 1572 ἡ
956 1485 1151 1552 Καλλιστώ·
1175 1486 1267 1551 Καλ-

110 1582 214 1650 λιστώ
239 1583 275 1648 δὲ
291 1577 392 1672 αὐτὴν
409 1585 567 1675 ἐποίησεν
583 1579 726 1674 ἀστέρας
742 1581 1097 1673 καλουμένηνἍρκτον
1111 1581 1266 1674 μεγάλην.

112 1723 150 1732 -
169 1721 210 1732 -
226 1679 337 1766 ἔχοιεν
354 1680 386 1751 δ’
413 1677 453 1754 άν
476 1691 532 1754 καὶ
555 1683 665 1765 ἄλλως
693 1687 730 1753 τὸ
761 1684 868 1772 άνομο
892 1689 925 1754 οἱ
948 1681 1083 1774 άστέρες
1107 1688 1164 1756 ἐστὶ
1187 1692 1268 1776 τιμῇ

110 1789 153 1874 τῇ
165 1788 384 1869 Καλλιστοῦς,
401 1787 476 1855 ἐπεὶ
487 1788 597 1878 τάφον
611 1812 648 1874 γε
665 1784 765 1876 αὐτῆς
783 1783 1035 1879 ἀποφαίνουσιν
1051 1791 1084 1857 οἱ
1095 1783 1266 1876 Ἀρκάδες.

110 1890 195 1954 Nam
209 1883 471 1957 ‘consentaneum
487 1884 548 1958 est’
566 1892 670 1977 inquit
681 1887 833 1960 ‘eundem
845 1893 1046 1975 Mercurium,
1063 1893 1116 1978 qui
1132 1912 1266 1976 puerum

109 2011 153 2056 ex
175 1996 266 2058 utero
288 1991 412 2059 occisae
435 1993 582 2078 eriperet,
605 1994 688 2061 hano
709 1993 863 2078 sepelisse
887 2015 928 2062 ex
950 2014 1059 2062 eorum
1074 1992 1267 2078 narratione,

109 2090 166 2174 qui
188 2092 347 2176 sepultam
362 2088 596 2177 ¹agnoscerent.
641 2096 709 2162 Nec
737 2095 849 2180 video,
877 2115 934 2162 cur
956 2096 1048 2162 Arati
1076 2115 1265 2163 commemo·

107 2191 192 2260 ratio
220 2193 413 2280 interpolata
440 2195 614 2281 habeatnr,
646 2215 729 2279 quae
758 2218 829 2264 cum
858 2199 1030 2286 τραφῆναι
1060 2196 1144 2264 male
1174 2187 1265 2264 coit'.

107 2295 223 2376 Itaque
244 2316 316 2362 cum
339 2297 510 2365 Duebnero
539 2299 572 2364 in
593 2299 655 2366 hoc
677 2299 799 2366 scholio
829 2297 870 2365 de
893 2298 1045 2365 Callistus
1067 2297 1189 2365 tumulo
1212 2297 1266 2381 agi

107 2396 230 2479 statuit,
253 2415 348 2478 quem
362 2398 457 2465 Paus.
473 2399 548 2465 VIII
564 2402 615 2482 35,
632 2403 650 2464 8
666 2398 826 2466 describit.
861 2395 969 2477 ‘Quod
983 2398 1146 2465 Pausania
1167 2390 1261 2464 testc’

106 2498 213 2582 inquit
231 2490 302 2565 ‘ille
324 2499 464 2565 tumulus
486 2519 551 2566 non
571 2499 632 2566 sub
654 2500 725 2584 ipso
747 2501 875 2584 Lycaeo
897 2501 976 2567 situs
1000 2505 1084 2582 erat,
1109 2519 1173 2566 non
1194 2519 1265 2582 pre·

107 2599 264 2667 mendum
286 2605 349 2682 est3
373 2600 426 2668 hic
445 2621 536 2668 mons
557 2601 748 2684 nominatur,
771 2601 847 2686 quia
862 2602 1048 2670 Callistonis
1069 2603 1171 2668 latum
1193 2619 1265 2667 cum

107 2702 197 2768 Iovis
219 2719 311 2770 sacro
326 2702 455 2787 Lycaeo
478 2703 656 2771 arctIssime
672 2705 872 2772 coniunctum
895 2710 971 2772 erat.
1008 2704 1077 2771 Iam
1102 2723 1177 2771 vero
1199 2721 1264 2768 non

107 2804 190 2869 latet
216 2808 316 2871 totum
343 2805 499 2872 scholium
529 2806 659 2874 minimc
687 2804 730 2872 ad
757 2811 901 2872 Λοκαίω
931 2805 1105 2891 pertinere,
1134 2803 1193 2871 scd
1221 2802 1265 2868 ad

109 2925 156 2972 vs.
177 2908 235 2968 125
255 2900 381 2983 Ἑλίκας
404 2906 440 2972 δὲ
464 2901 538 2972 λίπ’
563 2900 659 2996 ἠρίον
682 2913 714 2975 et
737 2907 820 2975 hanc
848 2907 1017 2974 lectionem
1040 2904 1170 2988 egregie
1192 2924 1264 2972 con·

106 3004 243 3075 firmare.
260 3043 301 3055 —-
322 3043 362 3053 -
386 3008 551 3076 Scholium
571 3015 702 3094 propter
723 3009 844 3094 Lycaei
866 3005 1199 3076 commemorationem
1221 3002 1265 3070 ad

107 3108 251 3175 alienum
273 3110 378 3176 locum
399 3111 588 3178 translatum
605 3101 675 3176 est'
712 3110 875 3176 Hactenus
897 3108 1031 3175 Ahrens.
1066 3105 1184 3173 Verum
1206 3103 1264 3170 du-

109 3209 188 3294 bito,
210 3230 286 3276 num
308 3212 416 3280 omnia
434 3217 521 3279 recte
536 3210 757 3296 disputaverit.
796 3208 835 3276 Id
857 3207 987 3295 quidem
1008 3206 1119 3292 negari
1140 3205 1261 3292 nequit,

108 3311 284 3379 narrationi
298 3314 479 3381 Pausaniae
501 3312 632 3397 dempto
647 3311 868 3379 catasterismo
891 3313 972 3378 bene
994 3309 1166 3379 convenire
1179 3309 1261 3375 Mer-

108 3414 231 3482 curium
253 3415 307 3497 qui
322 3417 462 3483 occisam
483 3433 589 3481 ursam
611 3413 756 3498 sepeliat.
791 3413 908 3480 Verum
923 3411 999 3480 inde
1020 3411 1100 3479 nihil
1123 3412 1262 3480 cfficIcn-

108 3516 185 3583 dum
200 3517 320 3601 molid,
335 3523 370 3583 ut
385 3537 427 3584 ex
441 3517 552 3584 fabula
566 3515 674 3597 aliquo
692 3514 798 3598 modo,
820 3514 883 3582 nisi
898 3533 982 3598 quac
996 3516 1125 3583 obstant
1139 3513 1261 3599 (obstat

107 3623 216 3687 autem
231 3619 412 3687 Pausaniae
428 3616 515 3704 [VIII
530 3623 581 3702 35,
597 3615 628 3703 8]
645 3614 687 3683 dc
702 3616 816 3683 tumuli
830 3618 894 3685 situ
908 3616 1148 3699 tcsIImonium),
1167 3617 1262 3683 lectio

106 3723 257 3808 ταφῆναι
279 3722 381 3806 possit
395 3718 560 3806 explicari.
600 3717 667 3787 Sed
682 3719 767 3786 enim
782 3717 952 3803 postquam
967 3718 1105 3803 Ziegleri
1120 3717 1262 3785 editione

108 3824 261 3890 certimes
283 3824 361 3891 lacti
375 3843 494 3907 sumus,
517 3822 595 3905 quid
616 3822 651 3888 iu
666 3821 818 3888 librorum
840 3821 883 3887 sit
897 3820 1027 3905 optimo,
1050 3820 1115 3886 iam
1130 3818 1261 3885 demon-

107 3925 273 3992 strandum
302 3931 351 3992 est
379 3945 443 3992 non
471 3942 565 4009 posse
593 3923 668 3990 ferri
696 3941 793 4006 quam
820 3921 878 3988 ille
906 3922 1062 4005 praebeat
1093 3920 1262 3988 IectIonem

107 4029 288 4114 τραφῆναι.
340 4025 379 4090 Id
412 4044 487 4091 num
519 4025 632 4092 ceterIs
660 4023 786 4090 Ahrcns
815 4041 898 4104 quac
927 4022 1034 4089 attulit
1067 4022 1262 4156 argumentis

550 4155 554 4162 ,
1056 4124 1088 4176 18
