2988 4728
261 292 322 350 296
698 291 865 348 Reinholdus
883 291 972 346 Erauz

261 465 452 531 narrationis
483 463 629 532 condicio
660 465 780 548 pariter
808 483 847 528 ac
874 462 1024 530 similium
1053 463 1234 529 fabularum
1263 467 1416 550 exempla

261 565 447 632 incitabant.
497 568 605 651 Atque
633 584 693 648 ego
721 564 850 649 quidem
878 564 1015 631 arbitror
1043 564 1140 630 talem
1172 564 1317 631 fabulam
1350 567 1415 633 iam

261 667 408 754 Euripidi
429 668 463 733 in
485 667 630 734 Helenae
652 667 791 733 carmine
814 672 887 732 ante
909 666 1018 732 oculos
1040 665 1147 731 fuisse.

348 769 546 835 Callimacho
577 789 671 854 vcro,
698 767 760 834 nisi
783 767 889 833 omnia
913 766 1042 848 fallunt,
1073 766 1227 834 debemus
1261 768 1348 848 quod
1376 791 1416 837 ex

262 870 387 936 duabus
409 870 539 937 fabulae
561 871 671 936 formis
693 889 757 935 uua
780 869 895 936 effecta
922 874 972 935 est
1000 869 1150 934 narratio.
1193 871 1301 949 Atque
1325 880 1416 937 erant

260 971 337 1036 illae
359 970 532 1056 eiusmodi,
561 976 596 1036 ut
616 970 768 1037 facillime
789 977 921 1058 possent
949 969 1092 1053 copulari
1115 976 1147 1035 et
1167 969 1200 1034 in
1222 988 1320 1036 uuam
1343 991 1415 1038 cou-

262 1070 367 1156 fundi3
396 1091 469 1138 uam
498 1072 600 1140 altera
621 1072 752 1140 alterius
781 1093 852 1140 esse
879 1068 1092 1156 supplementi
1121 1070 1222 1136 instar
1243 1071 1417 1139 videbatur

261 1192 321 1239 nec
335 1173 440 1257 potius
456 1173 585 1242 diversa
600 1175 742 1242 eiusdem
757 1175 804 1242 rei
818 1173 980 1255 memoria,
1004 1177 1038 1237 ut
1061 1169 1115 1253 qui
1132 1191 1188 1238 eas
1204 1173 1415 1239 coniunxerat

261 1276 390 1359 plenam
412 1296 448 1342 se
469 1277 613 1343 fabulam
636 1296 841 1361 recuperasse
863 1294 992 1360 sperare
1013 1279 1131 1358 posset.
1165 1272 1283 1338 Mutari
1305 1282 1412 1341 autem

261 1376 317 1441 vix
333 1379 503 1459 quicquam
519 1397 599 1461 opus
614 1383 684 1443 erat
698 1381 827 1460 praeter
841 1377 1007 1459 rationem,
1022 1395 1063 1441 ex
1078 1393 1142 1456 qua
1157 1374 1263 1439 Diana
1280 1375 1412 1442 Callisto
1486 1375 1487 1414 l

260 1496 339 1545 nece
367 1477 525 1545 afficeret:
556 1479 589 1545 in
619 1498 693 1544 ursa
722 1479 805 1544 enim
827 1477 935 1543 Diana
962 1498 1026 1543 uon
1055 1477 1120 1542 iam
1150 1476 1260 1542 ulcisci
1289 1484 1415 1562 peterat

260 1579 412 1645 amissum
443 1579 614 1663 pudorem;
643 1579 752 1660 itaque
779 1585 896 1661 poetae
924 1577 1107 1660 fingendum
1138 1582 1206 1644 erat
1232 1578 1414 1645 Dianama
1486 1579 1487 1608 ³

260 1679 380 1746 Iunone
403 1678 446 1745 ad
468 1699 574 1746 ursam
596 1679 805 1746 traiciendam
828 1683 1020 1747 commotam
1042 1697 1129 1760 esse,
1157 1678 1192 1744 id
1214 1679 1301 1763 quod
1330 1680 1412 1762 fecit,

260 1779 360 1848 autin
371 1787 489 1848 venatu
502 1781 631 1848 obviam
641 1781 703 1847 sibi
720 1783 838 1848 factam
853 1781 1015 1864 stravisse,
1031 1779 1065 1844 id
1077 1780 1163 1861 quod
1179 1781 1413 1847 catasterismo-

260 1901 329 1947 rum
358 1871 493 1966 scriptor
520 1882 629 1950 nescio
660 1884 731 1965 quis
756 1883 916 1968 praetulit.
963 1881 1060 1965 Apud
1088 1880 1322 1948 Callimachum
1351 1903 1414 1950 non

260 1982 371 2049 dubito
396 1983 471 2066 quin
493 1984 575 2051 ratio
599 1985 714 2051 eadem
743 1984 837 2050 fuerit
864 1991 961 2065 atque
983 1985 1016 2049 in
1039 1982 1196 2050 consimili
1217 1985 1272 2048 Ius
1301 1985 1413 2051 tabula

260 2084 347 2167 apud
367 2083 518 2151 Ovidium
531 2087 569 2168 ¹):
593 2087 671 2152 luno
693 2087 806 2152 timere
826 2105 890 2150 nou
905 2084 994 2166 prius
1009 2083 1126 2152 desinit
1142 2103 1238 2166 quam
1253 2085 1414 2151 aemulam

262 2184 466 2266 exstinxerit,
490 2203 553 2266 qua
576 2185 617 2251 de
637 2206 733 2253 causa
754 2187 804 2252 illi
825 2185 963 2270 speciem
987 2185 1159 2252 humanam
1180 2185 1328 2268 rapuisse
1351 2207 1413 2253 non

261 2292 409 2351 contenta
422 2284 507 2370 rapit
523 2287 619 2352 etiam
635 2287 744 2369 vitam,
769 2307 840 2353 cum
856 2287 888 2352 iu
904 2286 1043 2352 Dianam
1061 2286 1158 2354 simili
1180 2292 1286 2352 utatur
1300 2289 1414 2354 fraude

260 2395 357 2471 atque
379 2389 412 2454 in
434 2388 563 2455 Orionis
585 2388 705 2472 fabula,
729 2389 857 2470 qualem
879 2389 961 2454 Ister
983 2388 1138 2472 exhibuit,
1160 2388 1278 2473 Apollo
1290 2387 1328 2471 ²).

344 2490 484 2574 Exitum,
508 2508 570 2571 quo
593 2491 727 2558 Callisto
749 2491 809 2557 sub
827 2491 929 2558 Ursae
950 2488 1080 2555 maioris
1102 2491 1230 2557 nomine
1250 2489 1411 2557 sideribus

258 2591 458 2673 insereretur,
483 2591 697 2657 Callimachus
719 2592 784 2656 iam
807 2590 848 2658 de
870 2610 927 2656 suo
946 2589 1081 2656 addidit.
1119 2590 1234 2675 Opinio
1249 2609 1329 2657 sane
1344 2593 1412 2657 vul-

259 2697 336 2774 gata
358 2695 390 2756 et
411 2690 453 2756 ab
476 2690 623 2755 omuibus
634 2690 670 2775 ³),
693 2696 845 2772 quantum
869 2690 946 2776 vidi,
969 2699 1099 2775 recepta
1120 2711 1204 2758 nunc
1226 2711 1266 2758 ea
1287 2699 1352 2777 est,
1381 2699 1416 2758 ut

347 2841 371 2898 1)
388 2837 454 2891 ldet.
465 2838 478 2891 Ι
489 2841 538 2891 622
556 2837 643 2906 pelice
660 2838 761 2892 donata
778 2854 833 2893 non
850 2840 974 2907 protinus
992 2841 1066 2894 exuit
1083 2856 1188 2895 omnem

465 2922 526 2977 diva
543 2928 644 2978 metum
661 2923 803 2991 timuitque
821 2925 910 2978 lovem
928 2927 955 2978 et
972 2925 1026 2979 fuit
1043 2926 1124 2980 anxia
1140 2924 1216 2991 furti,

464 3008 550 3063 donec
568 3008 742 3064 Arestoridae
758 3009 918 3064 servandam
937 3009 1048 3064 tradidit
1064 3011 1147 3076 Argo.

346 3090 706 3162 ttcf.Hyg.Astr.1134
727 3109 754 3162 p.
775 3097 816 3159 73,
836 3097 867 3150 12
883 3095 930 3149 B.:
950 3088 1050 3148 ‘Istrus
1066 3098 1157 3148 autem
1185 3093 1251 3148 dicit
1275 3093 1380 3149 Oriona
1401 3108 1419 3148 a

258 3177 348 3231 Diana
367 3191 426 3231 esse
443 3177 571 3232 dilectum
590 3180 618 3232 et
634 3193 720 3246 paene
736 3177 853 3244 factum,
875 3183 906 3232 ut
924 3178 949 3232 ei
965 3177 1089 3247 nupsisse
1113 3177 1330 3233 existimaretur.
1342 3179 1417 3247 quod

259 3276 322 3315 cum
338 3260 437 3329 Apollo
454 3276 534 3329 aegre
550 3261 649 3329 ferret,
673 3267 701 3315 et
717 3275 800 3329 saepe
817 3275 877 3316 eam
900 3261 1045 3330 obiurgans
1068 3260 1135 3316 nihil
1158 3261 1270 3331 egisset,
1293 3261 1417 3316 natantis

258 3345 366 3398 Orionis
383 3345 463 3412 longe
481 3347 564 3414 caput
580 3345 668 3400 selum
685 3345 768 3399 rideri
791 3346 980 3414 conspicatus,
1001 3345 1141 3401 contendit
1163 3361 1224 3400 cum
1241 3344 1334 3400 Diana
1357 3361 1417 3400 eam

258 3442 313 3481 non
324 3441 404 3497 posse
416 3428 542 3494 sagittam
554 3428 662 3483 mittere
672 3430 709 3483 ad
720 3429 755 3496 id,
775 3430 847 3497 quod
858 3430 964 3498 nigrum
981 3431 1009 3484 in
1021 3431 1090 3484 mari
1106 3430 1241 3486 rideretur
1251 3470 1257 3482 .
1269 3445 1342 3497 quae
1354 3445 1416 3485 cum

258 3525 288 3566 sc
304 3510 385 3565 vellet
401 3511 429 3564 iu
448 3527 479 3566 ee
497 3509 587 3566 studio
605 3510 720 3567 maxime
737 3513 868 3569 artificem
891 3515 957 3580 dici,
980 3513 1079 3582 sagitta
1095 3514 1178 3570 missa
1203 3515 1286 3583 caput
1304 3513 1417 3569 Orionis

256 3588 382 3650 traiecit?
399 3610 456 3663 eqs.

343 3681 369 3746 3)
387 3678 473 3735 Unius
497 3679 594 3734 afferre
611 3679 677 3735 mihi
698 3679 780 3736 liceat
802 3683 885 3737 verba
908 3682 958 3739 viri
981 3683 1015 3738 de
1036 3682 1080 3737 his
1101 3682 1168 3752 ipsis
1192 3682 1288 3738 studiis
1304 3684 1418 3753 ¹optime

257 3762 353 3828 meriti,
372 3762 462 3818 caroli
479 3763 590 3831 Robert,
609 3764 655 3832 qui
677 3765 706 3819 iu
722 3765 799 3821 Erat.
820 3767 878 3822 cat.
901 3767 949 3822 rel.
968 3783 996 3835 p.
1016 3769 1065 3821 238
1088 3765 1122 3821 de
1144 3766 1238 3823 fabula
1259 3765 1295 3820 ad
1315 3766 1420 3822 Ursam

256 3848 385 3902 maiorem
402 3847 555 3917 pertinente
572 3848 641 3904 haec
658 3849 854 3920 pronuntiarit:
869 3844 911 3905 ‘Si
928 3866 999 3920 quae
1011 3851 1075 3917 alia,
1092 3866 1166 3907 mere
1177 3849 1300 3906 sideralis
1319 3849 1419 3906 fabula

257 3935 311 4000 est3
331 3935 364 3986 ut
380 3932 451 3987 enim
463 3931 560 3988 Ursam
577 3932 640 3989 iude
656 3934 692 3989 ab
704 3934 897 4004 antiquissimis
915 3934 1081 4006 temporibus
1094 3934 1205 3991 Graecis
1218 3937 1311 3990 notam
1329 3935 1419 3990 fuisse

257 4018 373 4083 constat,
390 4016 430 4071 ita
448 4017 575 4074 Callistus
592 4018 734 4074 historiam
756 4033 861 4088 semper
879 4034 941 4074 cum
957 4019 1011 4075 hoc
1028 4019 1116 4075 sidere
1135 4021 1308 4076 coniunctam
1327 4018 1418 4074 fuisse
