2958 4734
399 333 401 338 -
498 286 559 360 'ne
576 304 705 362 canctus
722 304 824 361 ranna.
1184 311 1247 374 287

86 477 170 544 ridjo
194 475 420 560 mythologico,
443 475 529 558 quod
543 477 723 544 Pausaniae
745 477 778 543 in
801 476 949 544 manibus
974 477 1072 548 fuisse
1093 482 1246 569 iudicant,

86 585 256 660 utramque
288 577 431 644 fabulam
460 577 599 661 priorem
625 578 761 644 formam
789 577 1015 661 simpliciorem
1043 600 1143 664 usque
1171 588 1245 654 reti-

87 679 196 746 nuisse
224 678 340 746 docent
368 697 450 760 quac
472 679 586 760 125‚1
612 677 655 743 ad
677 684 799 745 statuas
828 679 1035 746 illustrandas
1059 682 1243 752 adnotavit:

83 773 136 848 'ld
161 778 221 866 τὴν
240 773 364 861 Ἰνάχου
385 780 441 844 καὶ
464 776 642 845 Καλλιστώ
666 776 726 867 τὴν
747 777 983 856 Λυκάονος-
998 817 1039 828 -
1055 780 1109 860 αἷς
1131 777 1245 872 ἄμφο-

87 885 201 968 copore
224 879 314 947 ἐστὶν
337 878 370 957 ἐς
393 871 484 946 ἅπαν
507 872 609 962 ὅμοια
631 879 832 968 διηγήματα,
857 879 941 966 ἔρως
962 879 1048 961 Διὸς
1069 887 1125 951 καὶ
1139 877 1246 972 Ἥρας

87 976 169 1068 ὅργὴ
192 983 249 1047 καὶ
272 975 396 1069 ἀλλαγὴ
420 983 462 1068 τῇ
475 980 536 1064 μὲν
559 977 592 1058 ἒς
613 983 703 1065 βοῦν,
728 983 914 1048 Καλλιστοῖ
929 981 965 1048 δὲ
981 981 1015 1061 ἐς
1038 977 1167 1071 ἄρκτον.
1201 989 1246 1054 Ar

86 1085 121 1148 in
136 1081 286 1168 Apollod.
302 1082 385 1149 Bibi.
401 1083 460 1149 illa
475 1083 506 1148 ll
524 1087 551 1165 1,
567 1085 595 1166 3,
613 1087 642 1168 2,
664 1083 745 1149 haec
766 1085 811 1149 lIl
830 1087 859 1169 8,
876 1087 904 1166 2,
921 1089 940 1146 4
962 1105 983 1151 a
997 1087 1074 1152 love
1090 1107 1245 1156 conversa

87 1203 160 1252 esse
182 1183 376 1267 perhibetur.
413 1185 448 1250 lo
470 1188 577 1250 autem
600 1205 621 1250 a
641 1186 720 1251 love
741 1185 821 1268 ipso,
845 1191 879 1250 ut
901 1204 1042 1251 amorem
1057 1195 1165 1271 posset
1188 1190 1242 1255 ab·

87 1285 204 1368 iurare,
227 1291 382 1352 mutatam
397 1305 468 1352 esse
489 1284 555 1352 iam
576 1281 790 1370 in'Oatalogis
812 1290 976 1352 narratum
990 1293 1059 1354 erat
1073 1289 1244 1356 Hesiodeis

87 1385 140 1467 (cf.
157 1385 329 1454 Kirchhoff
339 1387 372 1452 in
386 1385 502 1453 Philol.
518 1386 580 1452 XV
593 1409 624 1472 p.
644 1391 681 1452 13
694 1387 769 1470 sq),
786 1389 825 1454 ef.
840 1387 898 1472 ing.
916 1394 944 1473 4,
965 1387 1050 1470 quod
1065 1390 1171 1456 Rrach
1188 1392 1244 1457 vix

87 1492 174 1554 recte
196 1486 372 1572 assignavit
393 1486 551 1570 Aegimio.

630 1693 702 1770 §a

173 1824 321 1908 Denique
341 1826 548 1891 recentiorem
570 1825 653 1890 hanc
675 1824 866 1892 narrationis
895 1819 1033 1892 formam
1055 1825 1149 1892 tertio
1171 1827 1243 1893 loco

86 1927 120 1991 in
148 1923 251 1992 Ursae
279 1925 409 1992 maioris
438 1926 531 1993 titulo
558 1925 717 2009 prolatam
746 1926 883 2008 legimus
910 1926 944 1990 in
966 1925 1091 2010 Hypioi
1113 1929 1242 1994 Astron.

87 2028 119 2092 Π
140 2031 155 2089 1
171 2047 203 2110 p.
219 2029 270 2109 31,
287 2031 306 2091 6
321 2026 424 2093 Β1111
444 2025 563 2111 [ssuntii
578 2027 764 2093 memoriam
786 2046 827 2094 ex
842 2027 970 2110 optimis
993 2027 1084 2094 libris
1106 2029 1244 2094 correxit

89 2127 224 2194 Bursian
246 2127 279 2193 in
300 2131 370 2195 Act.
386 2126 477 2196 acad.
492 2129 613 2196 Monac.
634 2132 714 2193 1876
728 2149 760 2212 p.
778 2125 823 2210 9]:

1 2305 2 2320 ¹
170 2223 250 2295 ‘Sed
277 2228 334 2294 alii
367 2230 491 2314 dicunt,
523 2250 594 2298 cum
623 2231 744 2297 Oalisto
773 2229 915 2314 luppiter
945 2234 1029 2297 esset
1059 2231 1094 2296 in
1126 2231 1243 2298 silvam

1 2323 2 2348 *
87 2336 283 2412 persecutus,
305 2329 474 2414 lunonem,
504 2331 698 2414 auspicatam
720 2330 755 2395 id
777 2330 864 2411 quod
886 2331 1007 2412 evenit,
1029 2332 1241 2412 contendisse,

1 2445 2 2504 j
88 2442 120 2496 ut
143 2449 218 2496 cum
240 2430 409 2496 manifesto
438 2430 559 2496 diceret
587 2421 847 2514 deprehendisse.
892 2431 1001 2495 Iovem
1024 2435 1150 2514 autem,
1180 2452 1242 2515 qno

1 2589 2 2592 ,
88 2530 215 2598 facilius
235 2549 329 2597 suum
350 2536 516 2614 peccatum
539 2537 707 2613 tegeretur,
730 2530 763 2596 in
785 2548 877 2596 ursae
892 2530 1033 2613 speciem
1055 2543 1243 2598 conversam

88 2631 266 2716 reliquisse.
311 2632 466 2699 lunonem
488 2640 594 2701 autem
617 2633 650 2698 in
679 2652 718 2699 eo
748 2632 819 2698 loco
840 2651 897 2714 pro
920 2631 1044 2714 virgine
1066 2633 1243 2699 11111111-

1 2807 2 2818 ,
89 2735 232 2817 1111111,
261 2751 359 2815 quam
385 2733 511 2801 Dianae
539 2736 684 2816 venanti,
715 2740 750 2800 ut
778 2753 850 2799 eam
877 2732 1083 2816 interficeret,
1112 2734 1241 2802 demon-

1 2835 2 2908 }
90 2842 216 2902 strassc.
260 2834 355 2913 Quod
382 2835 501 2902 factum
528 2844 564 2903 ut
589 2836 822 2921 perspiceretur
849 2835 961 2901 Iovem
995 2852 1092 2915 aegre
1121 2837 1242 2920 tulisse,

1 2973 2 3004 r
92 2935 230 3018 effigiem
253 2954 345 3002 ursae
367 2935 469 3004 stellis
490 2935 660 3020 figuratam
682 2928 950 3016 constituisse'1).

175 3038 358 3122 Ingressum
378 3037 570 3103 narrationis
592 3036 739 3102 videmus
754 3035 851 3100 valde
872 3041 1071 3101 exornatum.
1105 3036 1241 3120 Copiose

91 3140 183 3221 enim,
207 3158 262 3205 cur
284 3145 315 3205 11
337 3135 606 3220 quemadmodum
628 3138 706 3202 Iuno
728 3135 950 3217 intervenerit,
976 3135 1153 3216 exponitur.
1198 3140 1243 3203 At

92 3248 268 3307 extremam
290 3245 414 3324 partem
430 3244 625 3305 contractam
641 3245 674 3302 et
694 3235 894 3300 imminutam
907 3234 1096 3302 invenimus.
1133 3237 1242 3305 Infans

0 3415 1 3426 ¹
92 3342 176 3406 enim
198 3339 285 3408 Iovis
307 3360 406 3425 opera
427 3339 469 3406 ab
484 3338 613 3404 interitu
635 3341 842 3403 conservatus
857 3356 898 3403 ne
920 3355 982 3403 uno
998 3338 1128 3418 quidem
1142 3342 1241 3408 verbo

0 3519 1 3526 ¹
90 3441 296 3525 significatur.
334 3441 423 3520 Quae
446 3440 559 3508 ceteris
582 3439 716 3506 testibus
730 3436 878 3521 Hyginus
893 3439 987 3521 plura
1001 3437 1142 3526 exhibet,
1165 3460 1240 3507 num

91 3545 197 3609 omnia
220 3543 355 3628 pleniori
377 3561 474 3625 quam
496 3542 608 3623 quales
622 3539 716 3606 nobis
730 3545 901 3624 suppetant
923 3538 1003 3605 ionti
1018 3541 1144 3626 debeat,
1166 3544 1241 3608 sub-

91 3645 249 3712 dubitabit
271 3644 449 3726 quicunque
468 3643 613 3727 inspecta
634 3642 767 3709 Roberti
788 3639 1085 3708 Oatastcrismorum
1102 3641 1242 3709 editione

178 3867 202 3928 1)
219 3861 350 3916 Extrema
367 3862 450 3916 verba
468 3861 596 3917 aBuntio
613 3861 683 3917 iulso
697 3859 824 3916 distincta
836 3862 908 3926 sont,
926 3873 1079 3928 quanquam
1096 3858 1149 3912 ianr
1166 3863 1242 3914 reete

92 3951 166 4002 crant
183 3947 373 4015 astavcrcnor
391 3947 513 4016 graviore
531 3945 602 4001 enirn
615 3949 681 4003 nota
692 3949 755 4016 post
769 3944 889 4000 ‘tulisse'
907 3943 997 4013 posita
1013 3942 1057 3999 illc
1076 3959 1138 3998 cum
1156 3959 1240 4000 enun-

91 4029 186 4088 tiatum
204 4033 232 4087 in
250 4031 303 4087 duo
321 4031 466 4102 discerpsit
483 4045 591 4088 sonsum
610 4031 733 4100 corrupit
749 4033 778 4086 11
796 4029 953 4085 orationem.
1195 4028 1198 4034 '
