2988 4728
272 294 335 354 330
709 289 877 346 Reiuholdus
894 289 984 344 Frena

272 467 357 532 enim
379 463 458 530 nihil
484 464 551 530 tale
576 462 674 530 habet
695 481 734 529 ac
755 482 796 527 ne
825 460 978 542 cogitavit
1000 459 1128 542 quidem
1155 461 1307 526 decerto
1330 460 1429 525 Arca-

274 566 347 633 diae
369 567 456 648 looo;
481 587 554 632 nam
575 560 746 649 ‘virginem
766 554 995 628 Nonacrinam'
1022 583 1051 628 v.
1074 565 1136 626 409
1160 561 1295 627 Callisto
1317 561 1428 644 appel-

273 668 355 734 lavit
376 687 433 753 per
454 666 677 751 synecdochen
699 685 756 750 pro
778 662 953 745 Arcadica,
980 663 1038 731 sed
1062 664 1124 730 hae
1146 661 1365 748 appellatione
1390 660 1430 740 ei,

274 769 328 852 qui
343 776 530 852 argumenta
545 769 690 852 confecit,
713 785 844 833 causam
861 765 1019 850 praebuit,
1041 775 1076 831 ut
1099 763 1229 832 aliunde
1252 762 1430 830 Nonacrini

274 870 390 936 montis
422 870 616 937 mentionem
651 867 825 934 narrationi
861 867 1000 934 inferret.
1057 865 1284 951 Desumpsisse
1318 871 1429 930 autem

275 993 347 1038 eam
376 971 438 1037 iste
466 971 625 1055 putandus
656 977 704 1038 est
732 990 773 1036 ex
807 969 872 1036 illis
900 969 1061 1052 versibus;
1098 988 1201 1050 neque
1229 967 1313 1034 enim
1350 966 1432 1031 alibi

275 1092 345 1140 eum
372 1074 429 1140 illo
459 1079 567 1140 monte
593 1072 744 1139 Callistus
775 1073 843 1140 fata
870 1072 1039 1139 coniuncta
1066 1072 1261 1152 invenimus,
1291 1067 1430 1152 etiamsi,

274 1175 411 1259 primum
433 1174 467 1240 in
488 1175 635 1242 versibus
660 1173 725 1240 illis
747 1173 870 1240 Latinis
891 1194 934 1239 an
959 1174 992 1239 in
1021 1175 1168 1257 exemplo
1199 1172 1263 1238 iam
1286 1171 1430 1237 Alexan·

275 1278 366 1345 drino
389 1277 423 1343 id
445 1278 564 1342 factum
587 1277 645 1359 sit,
672 1276 735 1341 diei
757 1283 910 1358 nequeat;
940 1275 1060 1342 Suidae
1090 1275 1174 1342 enim
1204 1292 1300 1355 quam
1331 1291 1431 1355 supra

274 1380 368 1446 attuli
390 1381 529 1460 glossam
556 1383 767 1464 Νωνακρίνη·
796 1378 925 1462 λέγεται,
946 1372 965 1461 q‘
990 1376 1167 1442 Kalliterai
1192 1374 1291 1441 adid
1313 1374 1430 1440 diiudi-

273 1480 410 1548 candum
439 1500 503 1546 non
532 1477 677 1546 sufficere
705 1483 802 1562 patet.
850 1480 949 1562 Atqui
981 1487 1171 1565 argumenta
1199 1498 1241 1544 ex
1270 1477 1430 1560 ampliore

274 1579 383 1647 Ovidii
410 1581 707 1665 Metamorphoseon
736 1581 964 1648 commentario
993 1581 1123 1649 residua
1148 1601 1219 1649 esse
1249 1579 1431 1644 Richardus

275 1682 424 1750 F'oerster
438 1683 534 1750 certis
549 1681 675 1749 indiciis
689 1680 927 1750 demonstravit.
956 1684 1041 1768 Ergo
1054 1704 1125 1749 meo
1141 1684 1209 1750 iure
1221 1680 1300 1748 milri
1314 1679 1431 1745 videor

275 1786 418 1851 conicere
441 1785 517 1851 olim
539 1785 572 1850 in
594 1783 651 1850 illo
669 1786 897 1851 commentario
916 1805 1026 1851 versus
1048 1785 1121 1852 illos
1143 1787 1233 1870 ipsos
1255 1781 1429 1863 exstitisse,

275 1892 309 1951 ut
330 1886 373 1950 ad
394 1886 618 1953 illustrandam
639 1886 915 1972 supplendumque
930 1885 1039 1953 Ovidii
1059 1886 1275 1952 narrationem
1297 1886 1430 1968 praesto

275 1993 382 2055 essent
393 1986 427 2071 ¹).
465 1987 524 2055 (lui
539 1987 738 2056 coniecturae
754 1989 910 2070 quaestio,
926 2007 997 2054 eum
1012 1989 1210 2074 processerit,
1225 1984 1431 2051 firmamenta

275 2089 465 2172 substernet,
488 2111 546 2174 per
568 2109 650 2172 quae
672 2090 740 2156 fore
762 2108 855 2172 spero
878 2089 999 2155 utiam
1022 2095 1090 2156 tuto
1113 2096 1197 2157 stare
1220 2086 1379 2154 videatur.
1488 2135 1489 2222 ἰ

815 2281 885 2354 §3-

360 2413 426 2480 Sed
447 2415 631 2498 priusquam
653 2431 803 2498 pergam,
830 2413 987 2480 adfinem
1012 2414 1185 2498 perducere
1207 2411 1303 2494 libet,
1333 2431 1433 2493 quam

274 2535 371 2599 supra
397 2514 562 2599 incohavi,
591 2514 637 2580 de
665 2515 816 2599 Hygini
844 2515 999 2582 fabulis
1029 2515 1258 2597 quaestionem.
1311 2515 1432 2581 Paucis

276 2618 446 2683 absolvere
468 2617 544 2683 licet
566 2616 607 2683 de
628 2618 693 2683 lab.
719 2621 793 2682 176:

357 2711 423 2782 ‘Ad
444 2719 635 2801 Lycaonem,
657 2718 787 2799 Pelasgi
808 2717 918 2802 filium,
941 2719 1026 2786 lovis
1047 2719 1081 2784 in
1104 2718 1276 2803 hospitium
1299 2717 1433 2784 venisse

276 2819 391 2886 dicitur
413 2823 455 2897 [ct
477 2817 576 2883 filiam
600 2817 668 2884 eius
691 2818 821 2902 Calysto
845 2821 1089 2904 compressisse;
1113 2841 1154 2887 ex
1176 2840 1239 2901 quo
1262 2825 1357 2887 natus
1381 2827 1434 2885 cst

274 2922 385 3006 Areas,
409 2921 519 3004 quiex
540 2940 598 2987 suo
614 2921 740 2987 nomine
758 2926 861 2988 terrae
877 2942 991 2990 nomen
1012 2923 1148 3000 indiditl.
1187 2921 1253 2988 Sed
1268 2923 1432 3007 Lycaonis

274 3025 332 3090 filii
347 3026 454 3092 Iovem
470 3028 592 3091 tentare
603 3023 781 3106 voluerunt,
794 3024 914 3092 deusne
929 3032 1023 3109 esset,
1036 3023 1105 3111 (et)
1116 3045 1243 3092 earnem
1254 3025 1431 3092 humanam
1487 3059 1488 3068 κ

276 3149 347 3194 cum
364 3135 493 3194 caetera
508 3146 603 3193 carne
614 3126 880 3193 commiscuerunt
894 3125 991 3209 idque
1005 3128 1038 3193 in
1053 3128 1147 3211 epulo
1159 3127 1190 3194 ei
1201 3133 1431 3211 apposuerunt.

275 3226 338 3307 uui
365 3235 535 3311 postquam
558 3227 678 3309 sensit,
699 3227 799 3294 iratus
828 3247 971 3295 mensam
999 3230 1132 3312 evertit,
1159 3229 1317 3313 Lycaonis
1345 3227 1448 3294 filios·

276 3330 409 3396 fulmine
424 3328 560 3396 necavit.
583 3331 631 3394 Eo
643 3330 713 3396 loco
724 3335 837 3415 postea
849 3332 948 3396 Arcas
960 3330 1112 3414 oppidum
1125 3330 1331 3398 communivit
1343 3331 1433 3412 quod

279 3427 471 3513 Τραπεζοῦς
482 3430 671 3498 nominatur.
687 3432 824 3509 [Patrem
837 3431 981 3516 Iuppiter
991 3433 1024 3498 in
1038 3434 1103 3516 lyei
1113 3432 1250 3518 figuram
1261 3425 1428 3509 meravis?

365 3533 454 3598 lutra
482 3533 641 3599 cancellos
669 3533 762 3617 posui
790 3553 873 3616 quae
901 3534 1030 3600 aliunde
1062 3535 1192 3624 fabulae
1226 3535 1319 3600 illata
1355 3554 1431 3601 esse

275 3633 353 3700 milri
375 3633 527 3718 persuasi.
564 3635 635 3717 lpse
658 3653 732 3700 suas
752 3635 899 3719 Hyginus
920 3638 1047 3703 fabulas
1069 3637 1245 3721 corruperit
1266 3657 1308 3703 an
1331 3635 1431 3704 inter-

362 3787 387 3848 1)
405 3782 434 3837 Si
451 3782 628 3852 interpolator
640 3783 738 3854 Hygini
750 3786 904 3842 Astronom.
920 3791 948 3842 et
959 3787 1074 3857 scriptor
1085 3787 1265 3858 Metamorph.
1284 3802 1433 3856 argumen-

275 3875 365 3924 torum
383 3867 502 3938 pendent
520 3885 553 3924 ex
571 3868 691 3925 versibus
709 3870 737 3924 in
755 3870 867 3927 Fabulis
885 3871 983 3942 Hygini
1001 3873 1173 3939 conservatis,
1193 3875 1248 3928 veri
1265 3877 1308 3928 est
1326 3873 1435 3928 similli-
1486 3907 1487 3910 =

276 3970 349 4008 mum
367 3953 537 4008 scribendum
554 3968 614 4008 esse
625 3970 675 4023 pro
688 3955 873 4023 Frisengensis
892 3957 1008 4011 lectione
1021 3950 1220 4013 ‘Nonacrinae'
1233 3951 1406 4013 ‘Nonacrino
1415 3952 1434 4024 ’,

275 4038 340 4104 quia
356 4037 403 4092 ille
419 4038 502 4093 habet
516 4032 556 4094 ‘in
573 4039 694 4095 Nonacri
710 4034 824 4106 monte’,
842 4040 887 4096 hic
901 4035 987 4097 ‘circa
1003 4041 1188 4100 Nonacrinum
1205 4037 1343 4097 montem?
