2958 4734
498 281 541 335 Dc
558 280 685 337 Callistus
702 279 804 336 fabula.
1164 280 1223 342 277

70 453 164 522 bavit
176 451 203 536 ¹)
220 452 304 519 enim
326 452 384 518 hos
399 471 545 520 nummos
566 459 736 539 argenteos
758 451 893 537 tempori
908 454 974 518 tere
990 471 1117 537 pugnae
1139 452 1226 536 apud

70 554 269 622 Mantineam
291 553 479 621 commissae
502 553 712 639 assignandos
741 574 829 636 esse,
861 575 931 620 cum
954 558 1044 620 tanta
1064 553 1146 620 inter
1167 556 1225 621 Ar-

72 658 168 724 cades
193 654 352 723 dissensio
375 663 488 723 exorta
509 663 609 738 esset,
639 661 674 721 ut
702 675 774 722 cum
797 654 1075 741 Megalopolitanis
1098 655 1224 722 Theba·

71 760 187 843 nisque
210 758 272 825 soli
293 763 414 826 starent
436 758 491 842 qui
512 757 691 842 proximam
714 759 867 824 tenebant
888 758 1051 842 regionem
1075 755 1127 840 (ef.
1143 758 1225 822 Xen.

72 861 155 928 Hell.
171 861 234 928 VII
250 865 278 943 5,
297 858 330 942 5)
345 867 455 926 contra
477 878 532 926 eos
550 859 605 942 qui
619 858 758 926 mediam
775 864 806 926 et
821 859 1104 943 septentrionalem
1122 864 1226 926 terrae

71 969 197 1046 partem
219 962 409 1046 incolebant,
433 980 566 1044 quorum
589 960 666 1029 socii
689 960 936 1029 Lacedaemonii
960 967 992 1028 et
1013 961 1226 1027 Athenienses

72 1070 168 1132 erant.

153 1165 227 1233 Nec
241 1171 348 1232 tamen
362 1164 502 1232 foederis
522 1164 700 1234 adversarii
715 1164 867 1231 Callistus
881 1161 1058 1230 Arcadisve
1072 1183 1225 1247 personas

72 1287 108 1335 eo
135 1266 273 1335 consilio
301 1267 336 1332 in
364 1286 510 1345 nummos
538 1268 680 1353 recipere
707 1270 871 1353 poterant,
900 1271 935 1332 ut
962 1263 1005 1331 ad
1027 1271 1226 1332 communem

72 1369 214 1436 omnium
237 1367 399 1434 Arcadum
427 1369 581 1454 originem
609 1375 836 1454 provocarent,
864 1366 995 1436 sedita
1023 1371 1162 1450 tantum,
1191 1373 1226 1434 ut

72 1469 280 1555 propriam
301 1488 393 1536 suam
414 1470 448 1536 in
476 1471 612 1538 nummis
634 1476 910 1557 repraesentarent
938 1469 1136 1552 fabulam,
1164 1468 1226 1535 hac

73 1589 198 1654 quoque
213 1571 337 1639 ratione
351 1572 459 1639 studia
473 1593 533 1640 sua
552 1573 806 1654 manifestantem
830 1592 914 1657 nam,
937 1577 972 1637 ut
985 1570 1033 1638 ait
1045 1570 1226 1655 Xenophon

73 1672 296 1758 inHell.V15,
310 1678 338 1757 6,
355 1671 521 1759 ἔπραττον
537 1673 595 1741 ἐᾶν
610 1699 647 1739 τε
660 1672 745 1740 κατὰ
757 1672 869 1758 χώραν
883 1670 944 1760 τὴν
959 1670 1061 1739 πόλιν
1083 1675 1139 1740 καὶ
1154 1686 1226 1750 τοῖς

73 1781 231 1860 πατρίοις
253 1775 369 1858 νόμοις
387 1777 548 1860 χρῆσθαι.
584 1776 752 1860 Propriam
769 1782 877 1843 autem
891 1774 989 1840 luisse
1005 1772 1225 1841 Orchomeniis

74 1875 234 1960 Callistus,
248 1878 421 1944 Pheneatis
433 1876 567 1943 Arcadis
579 1875 815 1958 quodammodo
827 1877 970 1942 tabulam
986 1875 1080 1942 facile
1096 1876 1225 1943 demon-

74 1980 164 2045 strari
186 1985 303 2064 potest.
348 1978 441 2057 Quod
471 1978 600 2062 quidem
623 1978 709 2063 apud
737 1978 810 2045 illos
832 1977 959 2044 Dianae
980 1978 1084 2044 cultus
1107 1978 1225 2044 eximio

74 2077 191 2149 honore
214 2080 320 2147 floruit
341 2081 663 2162 (ef.Paus.VM113,
683 2085 708 2145 1.
732 2086 760 2162 5,
781 2079 849 2164 11),
878 2080 965 2164 apud
987 2080 1046 2146 hos
1067 2080 1224 2162 Mercurii,

75 2180 192 2266 quippe
215 2201 310 2264 quem
324 2181 411 2268 apud
432 2189 591 2249 senatum
607 2181 831 2267 praedicarent
847 2178 899 2265 (oi.
915 2183 1011 2248 Paus.
1026 2181 1103 2247 Vlll
1120 2187 1168 2266 11,
1187 2187 1224 2246 111

74 2284 162 2348 θεῶν
179 2281 216 2347 δὲ
230 2286 373 2365 τιμῶσιν
383 2279 500 2371 Ἑρμῆν
518 2285 685 2348 Φενεᾶται
699 2278 862 2367 actiacam
888 2287 936 2365 16,
956 2289 989 2366 1;
1016 2286 1062 2365 17,
1079 2288 1108 2349 5.
1132 2283 1226 2349 Head

74 2379 151 2450 H'rst.
167 2403 256 2449 num.
272 2404 303 2467 p.
321 2382 409 2467 378),
430 2385 465 2450 id
486 2386 599 2468 aperit,
615 2404 670 2450 cur
685 2385 810 2450 Dianae
825 2379 928 2466 figura
941 2384 975 2449 in
990 2384 1127 2465 illorum,
1144 2385 1224 2451 Mer·

75 2485 150 2550 curii
166 2485 201 2548 in
215 2484 328 2549 horum
343 2484 481 2550 nummis
496 2490 666 2568 appareat;
684 2491 716 2550 et
731 2486 807 2566 quia
822 2490 855 2550 et
869 2485 931 2568 ipsi
941 2485 1079 2550 Dianam
1095 2503 1224 2567 magno·

75 2603 146 2666 pere
169 2586 321 2652 colebant
344 2584 398 2666 (ci.
426 2585 696 2654 lmhoof-Blumer
714 2580 768 2652 ‘M.
791 2579 845 2671 gr?
863 2608 894 2672 p.
913 2587 1002 2672 197),
1026 2587 1224 2654 Heraeenses

75 2686 112 2752 ah
134 2685 461 2754 Orchomeniis'deae
481 2686 615 2771 figuram
637 2689 773 2755 mutuati
799 2689 834 2755 in
860 2708 936 2756 suos
957 2709 1102 2756 nummos
1125 2695 1224 2756 trans-

11 2835 12 2844 ,
76 2787 221 2855 tulerunt.
258 2787 324 2856 Sed
344 2787 429 2871 inde,
453 2789 540 2871 quod
554 2787 665 2877 τάφος
685 2791 906 2876 Καλλιστοῦς,
928 2798 963 2858 ut
984 2811 1025 2858 ex
1042 2793 1137 2859 Paus.
1149 2793 1226 2858 VIII

78 2888 123 2971 35,
145 2893 163 2955 8
187 2889 294 2957 verbis
325 2891 437 2975 elucet,
464 2912 528 2959 non
554 2892 689 2958 multnm
717 2891 938 2976 aMethydrio
967 2894 1080 2960 aberat
1106 2894 1224 2978 oppido

78 2985 294 3059 Orchomeniis
314 2993 391 3058 olim
406 2992 558 3076 subiecto,
581 2992 781 3059 efficiendum
797 3000 845 3059 est
862 2991 1091 3060 Orchomenios
1106 2995 1139 3058 in
1160 2997 1225 3062 suis

78 3085 188 3160 finibus
202 3093 336 3160 Callisto
348 3113 368 3158 a
380 3092 486 3159 Diana
498 3092 684 3159 transfixam
701 3093 855 3177 gloriatos
877 3111 956 3159 csse.
987 3094 1067 3159 Item
1081 3095 1223 3163 Phenea-

10 3193 11 3214 *
79 3193 123 3257 tas
137 3194 296 3260 Arcadem
318 3194 380 3260 sibi
401 3194 582 3262 vindicasse
604 3214 737 3279 puerum
758 3216 779 3261 a
799 3193 956 3261 Mercurio
978 3195 1121 3261 ablatum
1142 3197 1226 3265 infra

80 3286 119 3371 (p.
135 3296 212 3379 281)
235 3295 426 3364 videbimus.
464 3297 550 3382 Ergo
566 3295 769 3364 Orchomenii
791 3316 863 3363 cum
877 3296 1170 3380 Methydricnsibus
1193 3311 1225 3368 et

81 3389 256 3463 Pheneatae
278 3396 359 3462 nihil
381 3397 470 3466 aliud
492 3400 597 3465 iecere
619 3417 715 3481 quam
731 3397 935 3483 Stymphalii,
958 3419 1030 3466 cum
1052 3421 1111 3468 sna
1133 3388 1225 3484 signa

81 3491 178 3578 effigie
200 3498 348 3566 Herculis
371 3501 542 3583 omahant,
571 3507 627 3566 aut
649 3501 827 3583 Tegeatae,
851 3521 923 3568 cum
946 3501 1108 3587 Cepheum
1131 3506 1222 3571 Tele·

161 3688 184 3749 1)
202 3701 229 3753 p.
240 3687 272 3737 35
287 3676 356 3736 ‘Fur
370 3683 413 3738 die
426 3681 871 3750 arlradischeEidgenossenschait
883 3684 948 3740 wird
965 3685 993 3739 in
1005 3685 1125 3753 gleicher
1134 3685 1226 3742 Weiss

82 3759 126 3815 uie
141 3765 185 3820 bei
202 3767 255 3822 den
274 3766 447 3823 Chalkidiern
463 3769 668 3836 vorausgesetzt
689 3767 796 3823 werden
819 3768 930 3835 ddrlen,
953 3769 1016 3823 dass
1040 3769 1082 3824 die
1100 3768 1225 3840 Prttgung

83 3841 124 3899 des
141 3848 321 3908 Crcsssilhere
338 3850 399 3906 dem
416 3851 511 3908 Bande
529 3852 704 3909 rcrhehalten
727 3845 801 3907 war?
835 3852 876 3907 Cf.
895 3869 922 3923 p.
943 3857 975 3906 36
990 3851 1172 3908 ‘Entstanden
1189 3854 1226 3910 ist

84 3923 149 3984 diere
171 3934 448 4005 Drachmenprtgung
474 3937 514 3991 als
538 3935 683 4005 Grossgeld
704 3936 751 3991 der
774 3937 953 3993 arkedischen
977 3937 1163 3993 Ftdcralisten
1188 3938 1225 3992 im

85 4007 241 4079 Gereneotze
258 4036 320 4075 aum
337 4021 431 4075 arhed.
449 4021 621 4090 Bundesgcld
639 4037 691 4077 von
708 4015 904 4090 Megalopolis?
